1757 2725
380 63 571 94 ECLOGA
605 63 644 99 1',
670 62 923 92 HERI'YLIS
948 61 1384 93 l’llAA’MACEUTRJA
1528 62 1571 98 71

473 239 857 278 CASSANDRAE
896 239 1298 285 MARCHESIAE,

610 353 802 391 MUL1ER1
832 362 1158 389 PRAESTANTISS.

280 464 512 502 ECLOGA
547 464 593 510 V,
627 463 923 500 HERPYLIS
954 462 1492 499 PHARMACEUTRJA.

636 575 846 612 l)oRx'1,.›xs.
908 575 1139 613 'simmam

250 677 327 713 Sed
351 677 434 725 jam
457 676 642 724 vulgatos
664 683 701 712 et
723 688 794 711 nos
818 675 1039 712 reseramus
1063 687 1215 712 amores

196 736 309 779 Quos
330 733 477 780 pariter
500 739 613 779 grata
636 732 789 779 scopuli
814 732 1023 779 pendentis
1045 732 1083 767 in
1106 731 1249 768 umbra

200 789 307 825 Hinc
336 789 518 836 Dorylas,
545 789 636 824 hinc
660 788 826 824 'l'eleboi
851 789 971 824 maris
995 787 1132 824 accola
1156 787 1343 834 'l‘hclgon

197 846 406 881 certantes
430 845 612 889 docuere,
638 844 782 892 quihus
807 856 904 880 cava
930 843 1049 880 litora
1071 850 1109 879 et
1134 844 1215 891 ipse

195 900 426 949 Aequoreus
455 900 665 936 Platamon
692 911 926 948 sacrumque
953 899 1156 947 Serapidis
1183 906 1341 935 antrum

196 957 298 993 Cum
328 955 439 992 sonte
465 963 501 992 ct
533 955 733 1004 Nymphis
760 955 1003 992 assultavere
1031 956 1206 992 marinis.

250 1013 314 1048 'l‘u
340 1012 450 1057 mihi⁷
477 1024 544 1048 seu
569 1012 707 1048 doctas
732 1012 931 1059 percurris
958 1011 1138 1047 Palladis
1162 1018 1265 1047 artes

200 1068 486 1116 Maeoniaeque
509 1080 649 1104 aurum
673 1074 710 1104 et
733 1068 986 1115 subtegmina
1008 1068 1134 1104 vincis
1156 1067 1374 1111 Arachnes,
1398 1077 1403 1081 ·

195 1124 273 1161 Seu
302 1124 511 1172 Dryadum
537 1124 690 1160 choreis
715 1130 907 1172 coetuque
936 1124 1110 1160 immista
1138 1123 1292 1159 Dianae

196 1179 322 1216 Haud
343 1180 474 1216 minor
495 1179 646 1216 incedis
669 1180 855 1228 pictaque
878 1180 1059 1216 accincta
1079 1179 1270 1227 pharetra
1535 1178 1580 1213 10

196 1236 356 1273 Venatu
376 1236 601 1284 Prochyten
620 1243 878 1284 maternaque
898 1247 1020 1284 regna
1041 1234 1202 1284 fatigas,

195 1291 286 1329 Sive
308 1291 540 1328 Dicarcheis
561 1303 639 1340 qua
658 1291 832 1328 molibus
851 1291 979 1328 assilit
999 1302 1146 1340 aequor

198 1347 398 1384 Ludentes
420 1354 574 1396 spectas
599 1347 808 1393 Nereidas,
831 1359 879 1384 en
900 1359 972 1396 age
992 1354 1149 1384 nostros

205 1403 267 1451 (Si
290 1404 378 1452 quis
400 1403 526 1440 honos
547 1403 702 1452 pelagi)
736 1403 976 1449 Cassandra,
1000 1415 1050 1440 en
1071 1403 1203 1451 aspice
1227 1403 1347 1440 lusuS.

198 1458 295 1496 Non
317 1460 477 1508 ingrata
498 1470 597 1496 cano
619 1460 855 1508 penitusque
877 1459 1043 1507 injussa,
1067 1470 1194 1508 neque
1216 1470 1406 1507 umquam

197 1515 417 1564 Arguerint
441 1523 611 1552 ventura
631 1516 728 1552 meis
753 1522 789 1552 te
812 1515 972 1552 saecula
993 1515 1141 1552 chartis

200 1571 484 1618 Praeteritam;
512 1571 648 1608 faveat
671 1571 791 1609 modo
816 1583 896 1609 non
920 1572 1068 1608 invitus
1092 1570 1246 1619 Apollo

200 1626 252 1663 Et
276 1638 376 1676 quae
399 1639 460 1664 me
486 1627 601 1663 facili
625 1639 766 1664 vexere
788 1639 858 1675 per
883 1639 1057 1676 aequora
1080 1639 1189 1664 remo

200 1683 387 1729 Pierides,
413 1684 523 1732 queis
548 1683 669 1732 longa
690 1683 773 1720 dies
796 1689 833 1720 et
855 1684 1020 1720 nomina
1041 1695 1170 1720 curae.

200 1738 358 1775 Interea
383 1738 565 1787 Dorylan
587 1740 701 1788 juvet
723 1739 788 1776 hic
811 1739 949 1776 audire
971 1746 1190 1776 canentem.
1531 1739 1581 1774 20

793 1828 982 1876 Dorylas,

253 1905 414 1943 Sebethi
441 1906 492 1943 ad
520 1906 695 1955 liquidas
721 1906 980 1943 descenderat
1010 1906 1204 1955 Herpylis
1231 1905 1371 1951 undas,

199 1961 396 2010 Herpylis
422 1962 651 1999 Euboidum
676 1974 757 2000 non
781 1962 936 2007 ultima,
962 1973 1082 2011 quam
1106 1968 1219 2010 pater
1243 1962 1375 1998 Alcon

202 2017 374 2064 Erudiit‚
402 2018 529 2055 Musis
551 2024 588 2055 et
613 2018 774 2055 Phoebo
797 2019 980 2066 cognitus
1003 2018 1147 2055 Alcon.

200 2073 374 2110 Venerat
399 2080 436 2110 et
459 2075 555 2111 socii
579 2080 733 2122 partem
758 2075 939 2111 subitura
962 2074 1113 2112 laboris

202 2129 416 2167 Unanimis
437 2141 548 2167 soror
569 2136 606 2167 et
628 2130 832 2167 calathum
854 2130 902 2167 de
924 2142 1034 2167 more
1056 2129 1223 2167 ferebat.

203 2185 298 2233 Ipsa
323 2196 455 2222 comas
483 2185 611 2222 effusa
638 2186 858 2235 pedemque
885 2192 1005 2223 exuta
1030 2186 1235 2222 sinistrum

201 2240 304 2278 Cum
328 2241 489 2289 philtris
513 2241 679 2290 longum
703 2242 1001 2278 submurmurat
1024 2246 1142 2290 atque
1166 2242 1223 2278 ita
1245 2240 1376 2278 fatur:

257 2296 264 2312 ‘
285 2297 392 2334 Pone
412 2308 522 2334 aram
543 2303 581 2334 et
601 2298 712 2334 vivos
734 2298 849 2334 hauri
870 2297 920 2334 de
940 2297 1101 2334 flumine
1122 2308 1228 2335 rores

202 2351 393 2402 Canaque
418 2353 549 2390 vicino
574 2353 742 2402 decerpe
766 2353 968 2390 absinthia
991 2364 1158 2402 campo;

203 2408 327 2445 Illum
351 2408 468 2446 illum
489 2410 657 2458 magicis
679 2409 853 2446 conabor
877 2409 1044 2446 adurere
1069 2410 1190 2447 sacris
1532 2409 1584 2445 30
