1835 2657
238 51 286 88 50
732 49 1125 82 INTRODUCTION

235 165 279 201 os
304 165 392 201 [ζεῖ.
421 166 469 201 iv.
498 166 644 211 23-273
671 172 806 201 stanza
833 167 905 202 32:

411 275 515 305 What
537 275 620 304 herb
645 286 713 305 was
738 275 820 309 that,
843 286 885 305 on
908 275 1019 305 which
1042 275 1098 306 old
1123 275 1274 306 Glaucus
1299 275 1450 314 seeding‚

367 320 488 350 Grows
512 330 615 349 never
639 319 707 353 old.
732 319 792 350 but
817 330 893 350 now
920 320 973 350 the
1001 320 1085 358 gods
1111 320 1357 358 augmenteth?

237 422 280 459 of
309 422 398 459 Ecl.
431 423 452 459 i.
484 424 620 460 45-48.
683 422 894 470 Compare,
927 422 1023 467 also,
1058 422 1276 459 Fletcher⁷s
1310 422 1428 459 Latin
1459 422 1623 471 eclogue

236 479 385 515 Lusus:

368 599 453 625 quae
477 594 506 618 te
530 587 716 621 littoribus.
741 599 826 626 quae
851 593 946 619 tanta
969 588 1183 619 abstraxerat
1204 588 1320 623 herba,

368 633 507 665 Glauce.
535 633 696 671 auxitque
724 633 828 664 deos?

294 749 476 785 Another
502 748 546 785 of
578 747 796 784 Fletcher's
823 748 942 783 Latin
970 748 1166 795 eclogues,
1196 747 1420 794 Myr-tillus,
1449 747 1626 784 borrows

237 816 331 852 very
358 804 485 852 freely
511 804 618 840 from
643 803 897 850 Saunazaro3
925 815 1111 851 compare
1137 803 1237 839 lines
1265 804 1409 840 20-23:

369 930 427 955 aut
450 924 536 955 levet
561 924 635 962 ipsa
658 935 750 954 meos
776 924 922 962 Daphne
946 934 1029 962 quos
1054 924 1171 954 intulit
1194 924 1301 962 ignes,

369 975 426 1000 aut
452 970 478 999 si
504 969 587 1000 adeo
613 969 749 1007 indigni
777 980 904 1003 sumus,
932 974 1031 1007 atque
1058 969 1216 999 irasceris
1242 979 1358 1007 usque,

371 1026 475 1052 usque
498 1015 582 1045 adeo
603 1014 752 1045 crudelis
775 1014 882 1045 Amor
903 1014 965 1044 sub
986 1020 1120 1053 pectore
1143 1014 1263 1045 saevis,

371 1061 443 1093 has.
467 1072 598 1099 precor.
620 1061 682 1091 has
706 1060 888 1092 tumulum.
914 1060 1108 1099 Nymphae.
1131 1060 1304 1090 concedite
1328 1059 1498 1098 lymphas.

242 1163 336 1199 with
360 1162 449 1198 Ecl.
475 1163 527 1198 iii.
556 1163 702 1201 50-53:
727 1163 827 1198 lines
852 1162 996 1199 27-29:

371 1271 499 1302 scilicet
523 1276 707 1310 expectem,
734 1272 870 1302 Damon
896 1272 977 1301 dum
1003 1270 1159 1301 fumidus
1182 1270 1277 1301 illam

370 1317 518 1355 excipiat
542 1316 687 1350 stabulo,
711 1316 904 1347 thalamove
929 1316 1054 1346 iniecta
1080 1315 1236 1354 Myconis

377 1362 449 1398 (hei
473 1362 556 1391 mihi
571 1362 597 1399 Σ)
626 1361 802 1399 pisciculis
824 1362 935 1392 iussos
958 1361 1082 1391 misera
1104 1361 1226 1391 induat
1248 1360 1392 1390 hamos?

241 1477 338 1513 with
363 1476 452 1512 Ecl.
481 1477 503 1512 i.
534 1477 680 1517 24-28;
709 1475 810 1512 lines
837 1476 982 1512 37—40:

372 1608 440 1628 non
464 1608 516 1627 me
538 1601 692 1627 monstra
715 1596 820 1627 maris
843 1600 981 1629 terrent,
1002 1596 1167 1625 immania
1189 1600 1258 1625 cete

373 1653 528 1680 corpora.
552 1653 620 1672 non
643 1642 740 1672 curvi
766 1641 954 1679 delphines.
978 1651 1046 1671 non
1072 1645 1141 1673 tua.
1166 1640 1302 1673 Proteu,

375 1687 531 1724 imperia,
554 1686 723 1716 informes
745 1686 874 1724 passim
897 1696 957 1723 per
979 1685 1097 1715 littora
1119 1684 1267 1723 phocae3

372 1742 440 1763 non
465 1733 578 1770 ipsum
602 1737 716 1764 terret,
739 1732 877 1762 vincens
901 1742 963 1761 sua
985 1735 1138 1760 monstra
1160 1729 1388 1768 profundum,

243 1846 340 1882 with
365 1845 455 1882 Ecl.
484 1846 506 1882 i.
538 1845 683 1891 72-753
714 1844 792 1881 and
819 1844 920 1881 lines
945 1843 1091 1881 84-87:

374 1965 426 1985 me
449 1965 582 1992 quoque
603 1954 671 1984 iam
692 1954 805 1992 primo
828 1953 942 1992 gelida
964 1953 1026 1984 sub
1048 1963 1131 1991 rupe
1151 1956 1329 1983 canentem

375 2000 485 2030 audiit
506 2005 538 2030 et
560 1999 685 2030 teneris
706 1998 852 2029 indulsit
873 1998 1026 2037 praemia
1050 1998 1160 2028 Musis

377 2045 549 2075 undarum
572 2044 693 2082 regina
712 2043 843 2079 Thetis,
867 2054 952 2081 quae
974 2042 1113 2073 condita
1133 2052 1264 2072 mecum

376 2100 484 2125 servo,

247 2204 342 2240 with
364 2203 454 2241 Ecl.
479 2204 517 2239 ii.
542 2203 678 2239 41-46.

304 2260 351 2295 In
395 2259 461 2296 the
503 2258 589 2295 first
633 2257 797 2305 ‘ecloga
841 2255 1050 2294 bucolica’
1096 2255 1140 2293 of
1183 2256 1360 2304 Joannes
1403 2252 1634 2290 Leochaeus

247 2316 388 2353 scotus
405 2313 439 2334 ⁵⁹
478 2315 543 2351 the
580 2314 724 2362 phrase
766 2312 1025 2361 “populique
1062 2311 1259 2360 urbesque
1294 2310 1424 2346 valete
1441 2308 1463 2324 ’'
1503 2319 1633 2346 comes

293 2424 329 2443 59
345 2425 470 2459 Musae
488 2423 638 2459 Priores,
657 2423 729 2454 sive
748 2424 948 2453 Poematum
969 2423 1056 2452 Pars
1074 2421 1188 2457 Prior,
1209 2419 1370 2454 Londini,
1395 2418 1486 2454 1620.
