1845 2752
210 138 258 174 62
543 135 682 166 ACTJI
705 134 926 165 SYNCERI
948 134 1264 166 SANNAZARIJ

212 249 321 295 Quid
348 248 530 295 refugis?
583 248 801 295 'fingenda
825 248 897 284 tihi
922 248 1007 296 jam
1029 248 1125 284 lana
1148 255 1313 296 paratur

212 306 305 352 Qua
329 306 456 341 niteas
485 317 723 352 superesque
751 304 861 343 alias,
894 304 1076 344 Galatea,
1105 304 1273 352 puellas,
1546 306 1599 341 40

210 361 321 398 Lana
349 362 469 397 maris
498 361 648 408 spumis
675 373 775 408 quae
802 360 975 396 mollior.
1033 361 1154 396 Hanc
1181 361 1278 396 mihi
1307 364 1442 408 pastor

214 418 304 465 lpse
327 418 422 454 olim
445 417 568 457 dedit,
592 417 697 453 hanc
718 422 854 464 pastor
878 416 1106 457 Mens-aeus,
1131 417 1180 453 ab
1203 416 1287 453 alta

212 474 314 511 Cum
336 486 398 510 me
422 473 527 510 forte
550 485 667 509 senex
691 472 866 509 audisset
888 484 986 520 rupe
1009 478 1229 510 canentem,

212 532 263 568 Et
286 532 401 569 (lixit.
427 531 448 547 “
469 531 583 568 Puer,
610 531 684 567 ista
707 536 797 566 tuae
822 530 899 566 sint
924 531 1102 578 praemia
1128 530 1281 571 Musae,

212 586 550 634 Quandoquidem
573 591 709 621 nostra
733 585 909 621 cecinisti
934 586 1085 632 primus
1107 586 1146 620 in
1171 591 1258 621 acta
1277 585 1311 620 ’⁷.

214 643 276 678 Ex
301 642 372 679 illo
396 643 436 677 in
461 641 632 677 calathis
654 642 820 680 servavi,
846 647 889 677 ut
912 641 1069 677 mittere
1094 653 1259 688 possem.

212 698 288 735 Sed
312 703 354 734 tu
386 698 454 740 (ne
476 710 555 746 qua
575 697 672 733 mihi
694 703 853 744 superet
876 708 975 744 spes,
998 709 1046 733 ne
1067 710 1145 745 qua
1168 696 1297 733 futuri

213 754 421 792 Condicio,
451 753 642 798 Galatea)
676 765 839 790 manum
864 753 963 789 mihi
989 753 1090 790 dura
1116 754 1283 799 negasti.

212 811 305 847 Hoc
327 817 394 851 est,
416 811 501 849 hoc,
525 810 714 846 miserum
735 809 842 858 quod
864 809 1052 855 perdidit.
1103 809 1163 846 Ite
1187 810 1398 849 Camenae,

214 868 273 903 Ite
298 866 464 913 procul3
492 866 641 914 sprevit
664 872 820 902 nostras
848 865 1021 902 Galatea
1043 865 1234 913 querelas.
1551 865 1600 902 50

211 923 373 959 Scilicet
403 922 591 969 (exiguae
610 922 750 958 videor
769 921 875 970 quod
895 922 1034 958 navita
1052 922 1227 969 cymbae.

212 979 412 1027 Quodque
434 979 539 1015 leves
562 979 701 1015 hamos
727 978 957 1026 nodosaque
982 979 1081 1014 retia
1103 979 1252 1020 tracto)

214 1036 409 1083 Despicis.
460 1035 524 1071 An
548 1035 679 1082 patrio
700 1047 781 1071 non
803 1034 879 1070 hoc
901 1046 1058 1082 quoque
1079 1034 1196 1071 litore
1219 1033 1398 1071 Glaucus

214 1092 390 1128 Fecerat.
421 1103 638 1139 aequoreae
669 1090 848 1127 Glaucus
877 1094 1075 1127 scrutator
1103 1090 1303 1126 harenae?

213 1149 266 1184 Et
288 1160 394 1184 nunc
418 1148 486 1184 ille
510 1147 670 1196 quidem
695 1147 940 1183 tumidarum
962 1158 1110 1183 numen
1132 1159 1337 1194 aquarum.

212 1204 290 1240 Sed
314 1216 385 1240 nec
418 1204 538 1251 (quae
562 1204 730 1239 nimium
755 1203 818 1239 vel
841 1215 903 1239 me
929 1203 983 1238 sic
1008 1202 1115 1239 falsa
1140 1202 1308 1249 fatigat)

215 1260 371 1297 Fabula
394 1266 431 1296 te
454 1266 610 1296 moveat
635 1259 783 1306 Lydae.
807 1259 901 1295 licet
924 1258 995 1295 illa
1020 1259 1165 1306 puellis

212 1316 344 1363 Jactet
364 1317 499 1352 nescio
520 1328 617 1364 quas
637 1315 736 1352 mihi
757 1326 796 1352 se
814 1316 969 1352 misisse
989 1315 1162 1351 corollas
1179 1327 1186 1354 :

214 1372 309 1409 Non
331 1385 393 1409 me
418 1372 529 1420 Lyda
553 1378 698 1408 tamen.
722 1384 803 1407 non
826 1371 999 1419 impulit,
1025 1383 1197 1418 aequora
1221 1377 1342 1407 testor

213 1429 490 1477 Nereidasque
514 1441 660 1465 omnes.
715 1428 756 1465 Si
781 1427 897 1469 fallo,
922 1426 1148 1475 naufragus
1173 1427 1264 1463 illas
1550 1426 1601 1463 60

215 1486 414 1533 Experiar
439 1485 641 1529 salsosque
665 1485 801 1521 bibam
826 1484 898 1521 sub
924 1485 1081 1532 gurgite
1105 1483 1260 1520 fluetus.

214 1542 307 1578 Heu
331 1541 428 1590 quid
451 1542 596 1589 agam?
646 1541 846 1577 Externas
869 1547 979 1577 trans
1001 1544 1170 1588 pontum
1192 1552 1379 1588 quaerere
1402 1545 1528 1576 terras

214 1598 305 1643 lam
332 1597 488 1645 pridem
516 1604 573 1634 est
601 1598 768 1635 animus.
798 1609 876 1645 quo
904 1609 1124 1645 numquam
1151 1597 1300 1634 navita,
1328 1607 1546 1644 numquam

216 1655 395 1690 Piscator
417 1655 575 1692 veniat:
602 1654 687 1690 fors
711 1654 795 1689 illic
818 1659 954 1690 nostra
977 1653 1113 1689 licebit

216 1711 318 1747 Fata
340 1711 462 1759 queri.
517 1710 668 1746 Boreae
691 1715 866 1746 extremo
890 1709 1082 1746 damnata
1103 1709 1174 1745 suh
1198 1721 1270 1745 axe

215 1767 367 1813 Stagna
390 1772 523 1814 petam
547 1772 583 1802 et
607 1765 749 1814 rigidis
773 1777 993 1814 numquam
1014 1777 1095 1802 non
1119 1776 1218 1801 cana
1242 1765 1396 1812 pruinis

215 1823 280 1859 An
304 1823 454 1871 Libyae
478 1822 641 1870 rapidas
667 1822 884 1870 Austrique
910 1821 1081 1869 tepentis
1105 1821 1287 1860 harenas,

216 1879 269 1915 Et
297 1879 455 1916 videam
481 1879 618 1927 nigros
647 1879 819 1928 populos
848 1877 1061 1926 Solemque
1088 1877 1387 1925 propinquum?

216 1935 325 1977 Ouid
349 1935 493 1984 loquor
518 1934 691 1971 infelix?
751 1947 801 1971 an
824 1947 904 1971 non
927 1946 998 1982 per
1021 1945 1127 1976 saxa,
1151 1945 1222 1981 per
1245 1933 1368 1981 ignes,

216 1992 306 2035 Ouo
332 2004 395 2028 me
421 2003 589 2036 cumque
615 1991 736 2038 pedes
762 1991 919 2030 ducent,
948 2002 1059 2026 mens
1085 2001 1206 2038 aegra
1231 1989 1443 2038 sequetur?
1555 1988 1603 2026 70

216 2048 408 2084 Vitantur
429 2048 550 2085 venti.
576 2047 737 2095 pluviae
760 2048 939 2083 vitantur
962 2052 999 2083 et
1022 2052 1164 2085 aestus,

217 2104 312 2140 Non
336 2105 486 2140 vitatur
510 2116 645 2144 amor:
671 2115 827 2139 mecum
850 2102 1071 2142 tumuletur
1095 2107 1263 2145 oportet.

216 2160 307 2205 Jam
330 2172 424 2197 saxo
444 2172 570 2196 meme
593 2172 640 2196 ex
662 2160 734 2197 illo
755 2159 962 2195 demittere
984 2159 1024 2194 in
1045 2157 1174 2195 undas

218 2217 482 2264 Praecipitem
508 2216 623 2263 jubet
648 2216 731 2263 ipse
755 2215 881 2252 furor.
936 2215 1019 2251 Vos
1045 2227 1068 2251 o
1088 2214 1188 2250 mihi
1215 2213 1442 2261 Nymphae,

216 2273 299 2309 Vos
325 2273 447 2309 maris
474 2272 661 2309 undisoni
692 2271 920 2319 Nymphae,
949 2274 1148 2318 praestate
1177 2269 1335 2306 cadenti

219 2328 315 2365 Non
339 2328 461 2365 duros
486 2328 617 2365 obitus
642 2339 856 2376 saevasque
882 2327 1125 2374 exstinguite
1148 2325 1338 2362 flammas.

217 2385 378 2421 Scilicet
402 2385 499 2420 haec
523 2384 631 2423 olim,
656 2384 819 2420 veniens
842 2395 909 2420 seu
932 2383 1050 2419 litore
1073 2394 1194 2419 curvo

217 2443 396 2491 Caietae,
423 2455 489 2481 seu
514 2442 733 2480 Cumarum
755 2440 968 2477 navalibus
992 2440 1096 2477 altis,
