1757 2725
624 89 817 121 ECLOGA
847 88 876 125 l,
902 88 1119 120 I'IIYLLIS
1514 88 1560 125 59

182 204 304 242 Nunc
325 203 442 241 dolor
463 211 724 251 aeternusque
748 203 826 239 imo
847 202 919 238 sub
942 208 1100 250 pectore
1122 200 1280 237 luctus?

182 260 279 298 Non
302 261 414 297 licuit
438 266 567 296 tecum
589 265 749 306 optatos
773 257 1020 306 conjungere
1044 268 1202 293 somnos
1277 254 1416 305 (emt.
1433 258 1487 299 ιιι,
1507 264 1561 297 33(

184 316 332 354 Dulcia
354 328 426 352 nec
448 316 600 363 primae
623 314 834 362 decerpere
856 314 963 350 dona
986 314 1176 362 juventae

180 373 263 410 Aut
285 371 404 409 simul
425 378 621 408 extremos
644 371 768 407 vitam
790 369 1009 417 producere
1033 370 1071 405 in
1094 380 1230 405 annos.

183 428 306 465 Nunc
328 435 364 464 te
396 428 505 476 (quis
528 426 711 474 credat?)
745 426 847 473 lapis
872 425 936 461 hic
960 425 1078 461 habet
1101 431 1138 461 et
1160 424 1257 460 mihi
1282 435 1477 472 nusquam
1499 434 1562 469 es3

185 483 396 533 Nusquam
419 491 615 520 terrarum
642 482 808 530 Phyllis,
832 481 899 518 sed
924 480 1068 517 fabula
1089 487 1126 517 et
1149 480 1312 517 umbrae

185 540 445 577 Frustrantur
468 540 631 575 miseras
655 550 725 586 per
747 537 839 574 dira
862 538 1060 574 insomnia
1082 544 1227 573 noctes.

185 596 253 633 Me
275 597 473 641 miserum,
499 607 578 643 qua
601 601 637 631 te
662 593 823 630 tandem
847 593 1007 641 regione
1031 592 1257 641 requiram?

183 652 324 700 Quave
347 651 515 700 sequar?
568 651 642 687 Per
666 658 702 687 te
725 649 928 698 quondam
950 649 1049 685 mihi
1071 655 1176 685 terra
1198 647 1382 696 placebat
1519 647 1566 683 70

185 708 238 745 Et
259 708 402 757 populi
424 708 627 755 laetaeque
650 707 730 742 suis
751 718 840 742 cum
862 705 1069 742 moenibus
1088 705 1231 751 urbes3

186 763 307 801 Nunc
331 759 448 812 juvat
476 763 655 799 immensi
682 761 780 799 fines
806 762 975 798 lustrare
1003 759 1199 809 profundi

187 820 339 869 Perque
367 819 610 868 procellosas
639 830 770 855 errare
798 818 982 854 licentius
1009 816 1138 853 undas

184 877 400 913 Tritonum
428 876 646 911 immistum
673 874 800 910 turbis
826 873 1114 921 scopulosaque
1141 879 1225 908 cete

187 933 297 969 Inter
321 939 359 968 et
382 930 575 968 informes
599 931 778 967 horrenti
802 941 967 977 corpore
992 929 1152 977 phocas,

186 988 278 1035 Quo
301 999 521 1036 numquam
546 994 670 1023 terras
695 985 864 1022 videam.
917 985 1010 1033 Jam
1034 985 1120 1032 jam
1144 983 1217 1020 illa
1240 990 1297 1020 tot
1322 983 1437 1019 annis

186 1044 309 1081 Culta
329 1043 428 1080 mihi
451 1043 582 1088 tellus,
607 1042 826 1090 populique
849 1042 1043 1090 urbesque
1066 1040 1206 1085 valete,
1438 1041 1442 1045 '

186 1099 326 1137 Litora
343 1111 437 1136 cara
455 1099 595 1144 valete,
617 1098 706 1135 vale
726 1098 845 1134 simul
865 1098 1019 1145 optima
1040 1096 1185 1144 Phylli.

188 1155 275 1193 Nos
299 1156 384 1201 tibi,
408 1167 479 1192 nos
504 1154 667 1204 liquidis
692 1161 842 1202 septem
867 1165 938 1202 pro
964 1153 1148 1190 fluctibus
1173 1164 1262 1189 aras

187 1212 384 1249 Ponemus
408 1218 636 1260 septemque
661 1211 734 1247 tibi
758 1210 806 1247 de
830 1222 938 1247 more
963 1209 1178 1258 quotannis
1519 1207 1570 1243 80

188 1268 374 1305 Monstra
392 1268 515 1304 maris
534 1267 671 1315 magni
692 1266 840 1303 vitulos
861 1266 1124 1302 mactabimus
1147 1265 1284 1307 hirtos,

188 1324 242 1361 Et
266 1323 339 1360 tibi
363 1324 537 1372 septenis
562 1322 793 1371 pendebunt
818 1327 949 1359 ostrea
972 1322 1098 1365 sertis,

188 1379 335 1417 Ostrea
357 1379 576 1416 muricibus
600 1379 756 1415 variata
779 1378 959 1426 albisque
983 1377 1147 1425 lapillis.

189 1436 272 1472 Hic
294 1436 367 1472 tibi
393 1435 540 1472 Nisaee
562 1442 599 1472 et
624 1434 745 1471 flavos
770 1434 946 1470 resoluta
967 1433 1137 1481 capillos

190 1491 416 1540 Cymodoce
442 1492 627 1539 mitisque
654 1491 719 1538 pia
746 1502 835 1526 cum
861 1496 986 1526 matre
1017 1489 1230 1525 Palaemon

192 1548 243 1585 Et
269 1548 431 1596 Panope
453 1555 490 1584 et
515 1547 639 1584 Siculi
663 1553 793 1583 custos
819 1546 991 1582 Galatea
1015 1544 1210 1593 profundi

189 1604 411 1641 Sollemnes
435 1610 594 1640 nectent
618 1602 782 1639 choreas
806 1610 843 1639 et
869 1603 1048 1638 carmina
1072 1601 1205 1637 dicent

191 1660 305 1707 Quae
332 1660 499 1696 Proteus
521 1658 725 1708 quondam
750 1658 888 1695 divino
913 1664 1072 1706 pectore
1097 1663 1206 1693 vates
1252 1659 1404 1702 (aim,
1431 1661 1569 1699 ἥβη

192 1715 378 1761 Edocuit‚
400 1716 536 1764 magni
557 1727 647 1752 cum
671 1714 816 1751 funera
837 1713 947 1750 fleret
969 1713 1143 1750 Achillis

191 1772 245 1808 Et
275 1771 462 1808 Thetidis
494 1771 627 1808 luctus
657 1770 930 1807 consolaretur
963 1781 1130 1806 amaros.
1521 1767 1573 1803 90

190 1828 246 1865 At
269 1834 324 1873 tu,
351 1828 431 1864 sive
456 1827 583 1864 altum
609 1826 711 1863 felix
736 1826 834 1863 colis
859 1825 1031 1869 aethera,
1058 1837 1125 1861 seu
1149 1825 1235 1873 jam

192 1883 351 1932 Elysios
374 1884 475 1920 inter
496 1894 632 1920 manes
652 1888 865 1930 coetusque
887 1880 1080 1918 verendos

192 1939 387 1976 Lethaeos
411 1939 584 1988 sequeris
609 1951 678 1987 per
703 1945 847 1987 stagna
872 1937 1067 1986 liquentia
1090 1937 1228 1984 pisces,
1269 1927 1426 1979 (az-st,
1450 1937 1548 1975 ³⁸·2.

191 1995 270 2033 Seu
293 1995 395 2044 legis
419 2001 600 2032 aeternos
626 1994 805 2031 formoso
829 1993 976 2042 pollice
1002 1992 1127 2037 flores,

194 2050 507 2100 Narcissumque
533 2062 771 2099 crocumque
796 2056 834 2086 et
858 2050 1015 2086 vivaces
1039 2047 1307 2092 amarandros,

195 2107 248 2144 Et
271 2107 390 2145 violis
412 2113 566 2144 teneras
591 2107 731 2143 misces
755 2105 1002 2154 pallentibus
1027 2105 1151 2152 algas,

193 2163 339 2211 Aspice
362 2173 433 2199 nos
455 2163 641 2211 mitisque
665 2163 780 2208 veni;
807 2168 850 2198 tu
874 2173 1020 2198 numen
1045 2171 1239 2209 aquarum

193 2218 357 2266 Semper
381 2219 467 2263 eris,
493 2230 647 2266 semper
671 2218 820 2254 laetum
845 2217 1092 2265 piscantibus
1114 2228 1240 2254 omen.

195 2274 253 2312 Ut
279 2274 481 2322 Nymphis
509 2274 732 2323 Nereoque,
758 2280 802 2310 ut
828 2272 1058 2310 flavicomae
1083 2272 1366 2319 Amphitritae.

193 2329 260 2368 Sic
280 2330 353 2367 tibi
374 2331 556 2367 victrices
578 2329 752 2367 fundent
774 2329 969 2366 libamina
988 2328 1162 2376 cymbae.
1504 2326 1577 2362 lOO

196 2386 356 2423 Interea
378 2386 532 2423 tumulo
557 2397 785 2434 supremum
810 2385 885 2422 hoc
908 2385 1044 2432 accipe
1066 2395 1237 2428 carmen,

196 2441 369 2479 Carmen
392 2441 511 2491 quod⁷
537 2442 645 2478 tenui
667 2441 763 2478 dum
788 2442 910 2478 nectit
934 2440 1129 2477 arundine
1155 2439 1293 2484 linum,
