<?xml version="1.0" encoding="UTF-8"?>
<!DOCTYPE html PUBLIC "-//W3C//DTD XHTML 1.0 Transitional//EN"
    "http://www.w3.org/TR/xhtml1/DTD/xhtml1-transitional.dtd">
<html xmlns="http://www.w3.org/1999/xhtml" xml:lang="en" lang="en">
 <head>
  <title>
</title>
<meta http-equiv="Content-Type" content="text/html;charset=utf-8" />
  <meta name='ocr-system' content='tesseract 3.04.00' />
  <meta name='ocr-capabilities' content='ocr_page ocr_carea ocr_par ocr_line ocrx_word'/>
</head>
<body>
  <div class='ocr_page' id='page_1' title='image "./piscatoryeclogue00sannuoft_0067.png"; bbox 0 0 1757 2725; ppageno 0'>
   <div class='ocr_carea' id='block_1_1' title="bbox 615 85 1570 124">
    <p class='ocr_par' dir='ltr' id='par_1_1' title="bbox 615 85 1570 124">
     <span class='ocr_line' id='line_1_1' title="bbox 615 85 1570 124; baseline 0 -7"><span class='ocrx_word' id='word_1_1' title='bbox 615 85 808 117; x_wconf 72' lang='lat' dir='ltr'><em>ECLOGA</em></span> <span class='ocrx_word' id='word_1_2' title='bbox 838 85 889 121; x_wconf 89' lang='grc' dir='ltr'>ΙΙ,</span> <span class='ocrx_word' id='word_1_3' title='bbox 915 85 1143 118; x_wconf 68' lang='lat' dir='ltr'><em>GALATEA</em></span> <span class='ocrx_word' id='word_1_4' title='bbox 1524 87 1570 124; x_wconf 85' lang='lat'>61</span> 
     </span>
    </p>
   </div>
   <div class='ocr_carea' id='block_1_2' title="bbox 572 265 1193 305">
    <p class='ocr_par' dir='ltr' id='par_1_2' title="bbox 572 265 1193 305">
     <span class='ocr_line' id='line_1_2' title="bbox 572 265 1193 305; baseline 0 -3"><span class='ocrx_word' id='word_1_5' title='bbox 572 266 803 302; x_wconf 68' lang='lat' dir='ltr'>ECLOGA</span> <span class='ocrx_word' id='word_1_6' title='bbox 827 267 883 305; x_wconf 86' lang='grc' dir='ltr'>ΙΙ,</span> <span class='ocrx_word' id='word_1_7' title='bbox 906 265 1193 303; x_wconf 68' lang='lat' dir='ltr'><em>(;.›1L.-1TE.-1.</em></span> 
     </span>
    </p>
   </div>
   <div class='ocr_carea' id='block_1_3' title="bbox 191 377 1580 2507">
    <p class='ocr_par' dir='ltr' id='par_1_3' title="bbox 191 377 1580 2507">
     <span class='ocr_line' id='line_1_3' title="bbox 248 377 1236 426; baseline -0.002 -11"><span class='ocrx_word' id='word_1_8' title='bbox 248 378 367 415; x_wconf 86' lang='lat' dir='ltr'>Forte</span> <span class='ocrx_word' id='word_1_9' title='bbox 396 378 529 426; x_wconf 71' lang='lat' dir='ltr'>Lycon</span> <span class='ocrx_word' id='word_1_10' title='bbox 556 390 681 414; x_wconf 75' lang='lat' dir='ltr'>vacuo</span> <span class='ocrx_word' id='word_1_11' title='bbox 709 377 837 414; x_wconf 74' lang='lat' dir='ltr'>sessus</span> <span class='ocrx_word' id='word_1_12' title='bbox 862 377 1093 414; x_wconf 66' lang='lat' dir='ltr'>consederat</span> <span class='ocrx_word' id='word_1_13' title='bbox 1120 385 1236 414; x_wconf 75' lang='lat' dir='ltr'>antro</span> 
     </span>
     <span class='ocr_line' id='line_1_4' title="bbox 194 433 1058 482; baseline -0.002 -11"><span class='ocrx_word' id='word_1_14' title='bbox 194 435 373 471; x_wconf 79' lang='lat' dir='ltr'>Piscator</span> <span class='ocrx_word' id='word_1_15' title='bbox 395 446 474 482; x_wconf 87' lang='lat' dir='ltr'>qua</span> <span class='ocrx_word' id='word_1_16' title='bbox 496 446 534 470; x_wconf 83' lang='lat' dir='ltr'>se</span> <span class='ocrx_word' id='word_1_17' title='bbox 558 434 713 481; x_wconf 77' lang='lat' dir='ltr'>scopuli</span> <span class='ocrx_word' id='word_1_18' title='bbox 735 433 784 469; x_wconf 90' lang='lat' dir='ltr'>de</span> <span class='ocrx_word' id='word_1_19' title='bbox 807 434 953 469; x_wconf 80' lang='lat' dir='ltr'>vertice</span> <span class='ocrx_word' id='word_1_20' title='bbox 977 434 1058 469; x_wconf 86' lang='lat' dir='ltr'>lato</span> 
     </span>
     <span class='ocr_line' id='line_1_5' title="bbox 191 489 1113 538; baseline -0.002 -12"><span class='ocrx_word' id='word_1_21' title='bbox 191 490 379 527; x_wconf 83' lang='lat' dir='ltr'>Ostentat</span> <span class='ocrx_word' id='word_1_22' title='bbox 403 490 549 538; x_wconf 72' lang='lat' dir='ltr'>pelago</span> <span class='ocrx_word' id='word_1_23' title='bbox 571 489 842 537; x_wconf 80' lang='lat' dir='ltr'>pulcherrima</span> <span class='ocrx_word' id='word_1_24' title='bbox 867 489 1113 537; x_wconf 80' lang='lat' dir='ltr'>Mergilline.</span> 
     </span>
     <span class='ocr_line' id='line_1_6' title="bbox 194 546 1243 595; baseline -0.001 -13"><span class='ocrx_word' id='word_1_25' title='bbox 194 547 380 595; x_wconf 87' lang='lat' dir='ltr'>Dumque</span> <span class='ocrx_word' id='word_1_26' title='bbox 401 546 470 583; x_wconf 86' lang='lat' dir='ltr'>alii</span> <span class='ocrx_word' id='word_1_27' title='bbox 493 552 686 594; x_wconf 81' lang='lat' dir='ltr'>notosque</span> <span class='ocrx_word' id='word_1_28' title='bbox 707 546 816 582; x_wconf 82' lang='lat' dir='ltr'>sinus</span> <span class='ocrx_word' id='word_1_29' title='bbox 839 546 1072 593; x_wconf 76' lang='lat' dir='ltr'>piscosaque</span> <span class='ocrx_word' id='word_1_30' title='bbox 1094 546 1243 581; x_wconf 68' lang='lat' dir='ltr'>circum</span> 
     </span>
     <span class='ocr_line' id='line_1_7' title="bbox 193 601 1191 651; baseline -0.002 -12"><span class='ocrx_word' id='word_1_31' title='bbox 193 603 380 651; x_wconf 78' lang='lat' dir='ltr'>Aequora</span> <span class='ocrx_word' id='word_1_32' title='bbox 400 602 639 639; x_wconf 73' lang='lat' dir='ltr'>collustrant</span> <span class='ocrx_word' id='word_1_33' title='bbox 663 601 831 638; x_wconf 83' lang='lat' dir='ltr'>flammis</span> <span class='ocrx_word' id='word_1_34' title='bbox 853 608 921 638; x_wconf 89' lang='lat' dir='ltr'>aut</span> <span class='ocrx_word' id='word_1_35' title='bbox 945 601 1051 637; x_wconf 83' lang='lat' dir='ltr'>linea</span> <span class='ocrx_word' id='word_1_36' title='bbox 1072 601 1191 649; x_wconf 72' lang='lat' dir='ltr'>longe</span> 
     </span>
     <span class='ocr_line' id='line_1_8' title="bbox 193 657 1177 706; baseline -0.001 -11"><span class='ocrx_word' id='word_1_37' title='bbox 193 659 313 695; x_wconf 87' lang='lat' dir='ltr'>Retia</span> <span class='ocrx_word' id='word_1_38' title='bbox 338 659 596 706; x_wconf 80' lang='lat' dir='ltr'>captivosque</span> <span class='ocrx_word' id='word_1_39' title='bbox 623 657 787 694; x_wconf 87' lang='lat' dir='ltr'>trahunt</span> <span class='ocrx_word' id='word_1_40' title='bbox 813 657 863 694; x_wconf 83' lang='lat' dir='ltr'>ad</span> <span class='ocrx_word' id='word_1_41' title='bbox 891 657 1011 694; x_wconf 85' lang='lat' dir='ltr'>litora</span> <span class='ocrx_word' id='word_1_42' title='bbox 1039 658 1177 705; x_wconf 76' lang='lat' dir='ltr'>pisces,</span> 
     </span>
     <span class='ocr_line' id='line_1_9' title="bbox 195 713 1263 763; baseline -0.003 -12"><span class='ocrx_word' id='word_1_43' title='bbox 195 715 286 763; x_wconf 89' lang='lat' dir='ltr'>Ipse</span> <span class='ocrx_word' id='word_1_44' title='bbox 312 726 381 763; x_wconf 89' lang='lat' dir='ltr'>per</span> <span class='ocrx_word' id='word_1_45' title='bbox 406 714 615 762; x_wconf 81' lang='lat' dir='ltr'>obscuram</span> <span class='ocrx_word' id='word_1_46' title='bbox 640 713 857 750; x_wconf 76' lang='lat' dir='ltr'>meditatur</span> <span class='ocrx_word' id='word_1_47' title='bbox 882 714 1060 750; x_wconf 85' lang='lat' dir='ltr'>carmina</span> <span class='ocrx_word' id='word_1_48' title='bbox 1084 720 1263 749; x_wconf 72' lang='lat' dir='ltr'>noctem:</span> 
     </span>
     <span class='ocr_line' id='line_1_10' title="bbox 249 769 1224 814; baseline -0.002 -7"><span class='ocrx_word' id='word_1_49' title='bbox 249 771 256 786; x_wconf 91' lang='lat'>‘</span> <span class='ocrx_word' id='word_1_50' title='bbox 278 771 448 807; x_wconf 87' lang='lat' dir='ltr'>Immitis</span> <span class='ocrx_word' id='word_1_51' title='bbox 473 769 655 814; x_wconf 71' lang='lat' dir='ltr'>Galatea,</span> <span class='ocrx_word' id='word_1_52' title='bbox 680 770 781 806; x_wconf 89' lang='lat' dir='ltr'>nihil</span> <span class='ocrx_word' id='word_1_53' title='bbox 805 776 842 806; x_wconf 89' lang='lat' dir='ltr'>te</span> <span class='ocrx_word' id='word_1_54' title='bbox 863 781 1029 806; x_wconf 90' lang='lat' dir='ltr'>munera</span> <span class='ocrx_word' id='word_1_55' title='bbox 1052 769 1224 809; x_wconf 76' lang='lat' dir='ltr'>tandem.</span> 
     </span>
     <span class='ocr_line' id='line_1_11' title="bbox 194 825 1244 874; baseline -0.003 -11"><span class='ocrx_word' id='word_1_56' title='bbox 194 826 268 863; x_wconf 92' lang='lat' dir='ltr'>Nil</span> <span class='ocrx_word' id='word_1_57' title='bbox 291 833 449 863; x_wconf 89' lang='lat' dir='ltr'>nostrae</span> <span class='ocrx_word' id='word_1_58' title='bbox 471 838 630 863; x_wconf 86' lang='lat' dir='ltr'>movere</span> <span class='ocrx_word' id='word_1_59' title='bbox 652 826 814 874; x_wconf 81' lang='lat' dir='ltr'>preces?</span> <span class='ocrx_word' id='word_1_60' title='bbox 835 825 958 862; x_wconf 87' lang='lat' dir='ltr'>verba</span> <span class='ocrx_word' id='word_1_61' title='bbox 981 826 1094 862; x_wconf 89' lang='lat' dir='ltr'>irrita</span> <span class='ocrx_word' id='word_1_62' title='bbox 1116 826 1244 861; x_wconf 85' lang='lat' dir='ltr'>ventis</span> 
     </span>
     <span class='ocr_line' id='line_1_12' title="bbox 196 881 1578 929; baseline -0.003 -9"><span class='ocrx_word' id='word_1_63' title='bbox 196 882 389 920; x_wconf 89' lang='lat' dir='ltr'>Fudimus</span> <span class='ocrx_word' id='word_1_64' title='bbox 408 888 445 919; x_wconf 90' lang='lat' dir='ltr'>et</span> <span class='ocrx_word' id='word_1_65' title='bbox 462 894 586 919; x_wconf 87' lang='lat' dir='ltr'>vanas</span> <span class='ocrx_word' id='word_1_66' title='bbox 606 881 781 929; x_wconf 85' lang='lat' dir='ltr'>scopulis</span> <span class='ocrx_word' id='word_1_67' title='bbox 800 882 1038 929; x_wconf 78' lang='lat' dir='ltr'>impegimus</span> <span class='ocrx_word' id='word_1_68' title='bbox 1058 881 1197 918; x_wconf 83' lang='lat' dir='ltr'>undas.</span> <span class='ocrx_word' id='word_1_69' title='bbox 1533 882 1578 917; x_wconf 91' lang='lat' dir='ltr'>lO</span> 
     </span>
     <span class='ocr_line' id='line_1_13' title="bbox 193 938 1165 987; baseline -0.002 -12"><span class='ocrx_word' id='word_1_70' title='bbox 193 939 351 987; x_wconf 83' lang='lat' dir='ltr'>Aspice.</span> <span class='ocrx_word' id='word_1_71' title='bbox 375 944 519 975; x_wconf 89' lang='lat' dir='ltr'>cuncta</span> <span class='ocrx_word' id='word_1_72' title='bbox 541 938 670 977; x_wconf 83' lang='lat' dir='ltr'>silent.</span> <span class='ocrx_word' id='word_1_73' title='bbox 694 950 806 975; x_wconf 85' lang='lat' dir='ltr'>orcas</span> <span class='ocrx_word' id='word_1_74' title='bbox 829 944 865 974; x_wconf 92' lang='lat' dir='ltr'>et</span> <span class='ocrx_word' id='word_1_75' title='bbox 885 939 1062 974; x_wconf 84' lang='lat' dir='ltr'>maxima</span> <span class='ocrx_word' id='word_1_76' title='bbox 1083 944 1165 974; x_wconf 90' lang='lat' dir='ltr'>cete</span> 
     </span>
     <span class='ocr_line' id='line_1_14' title="bbox 192 994 1317 1042; baseline -0.002 -11"><span class='ocrx_word' id='word_1_77' title='bbox 192 995 363 1032; x_wconf 88' lang='lat' dir='ltr'>Somnus</span> <span class='ocrx_word' id='word_1_78' title='bbox 386 994 516 1034; x_wconf 82' lang='lat' dir='ltr'>habet,</span> <span class='ocrx_word' id='word_1_79' title='bbox 541 995 686 1031; x_wconf 83' lang='lat' dir='ltr'>tacitae</span> <span class='ocrx_word' id='word_1_80' title='bbox 708 994 899 1030; x_wconf 76' lang='lat' dir='ltr'>recubant</span> <span class='ocrx_word' id='word_1_81' title='bbox 923 1006 993 1042; x_wconf 91' lang='lat' dir='ltr'>per</span> <span class='ocrx_word' id='word_1_82' title='bbox 1014 994 1133 1030; x_wconf 85' lang='lat' dir='ltr'>litora</span> <span class='ocrx_word' id='word_1_83' title='bbox 1156 994 1317 1041; x_wconf 75' lang='lat' dir='ltr'>phocae,</span> 
     </span>
     <span class='ocr_line' id='line_1_15' title="bbox 195 1050 1371 1099; baseline -0.002 -12"><span class='ocrx_word' id='word_1_84' title='bbox 195 1050 290 1088; x_wconf 91' lang='lat' dir='ltr'>Non</span> <span class='ocrx_word' id='word_1_85' title='bbox 314 1050 486 1099; x_wconf 84' lang='lat' dir='ltr'>Zephyri</span> <span class='ocrx_word' id='word_1_86' title='bbox 509 1051 650 1098; x_wconf 89' lang='lat' dir='ltr'>strepit</span> <span class='ocrx_word' id='word_1_87' title='bbox 674 1062 782 1090; x_wconf 73' lang='lat' dir='ltr'>aura.</span> <span class='ocrx_word' id='word_1_88' title='bbox 808 1062 927 1098; x_wconf 87' lang='lat' dir='ltr'>sopor</span> <span class='ocrx_word' id='word_1_89' title='bbox 950 1062 1042 1086; x_wconf 80' lang='lat' dir='ltr'>suus</span> <span class='ocrx_word' id='word_1_90' title='bbox 1066 1050 1202 1086; x_wconf 82' lang='lat' dir='ltr'>umida</span> <span class='ocrx_word' id='word_1_91' title='bbox 1224 1050 1371 1086; x_wconf 79' lang='lat' dir='ltr'>mulcet</span> 
     </span>
     <span class='ocr_line' id='line_1_16' title="bbox 192 1106 1062 1155; baseline 0.001 -11"><span class='ocrx_word' id='word_1_92' title='bbox 192 1107 391 1155; x_wconf 78' lang='lat' dir='ltr'>Aequora,</span> <span class='ocrx_word' id='word_1_93' title='bbox 415 1107 546 1154; x_wconf 87' lang='lat' dir='ltr'>sopito</span> <span class='ocrx_word' id='word_1_94' title='bbox 567 1107 753 1143; x_wconf 88' lang='lat' dir='ltr'>conivent</span> <span class='ocrx_word' id='word_1_95' title='bbox 774 1106 905 1143; x_wconf 89' lang='lat' dir='ltr'>sidera</span> <span class='ocrx_word' id='word_1_96' title='bbox 927 1106 1036 1143; x_wconf 89' lang='lat' dir='ltr'>caelo</span> <span class='ocrx_word' id='word_1_97' title='bbox 1055 1118 1062 1145; x_wconf 78' lang='lat'>2</span> 
     </span>
     <span class='ocr_line' id='line_1_17' title="bbox 193 1162 1295 1211; baseline -0.003 -11"><span class='ocrx_word' id='word_1_98' title='bbox 193 1163 311 1200; x_wconf 89' lang='lat' dir='ltr'>Solus</span> <span class='ocrx_word' id='word_1_99' title='bbox 332 1174 406 1211; x_wconf 82' lang='lat' dir='ltr'>ego</span> <span class='ocrx_word' id='word_1_100' title='bbox 437 1163 492 1210; x_wconf 90' lang='lat' dir='ltr'>(ei</span> <span class='ocrx_word' id='word_1_101' title='bbox 513 1162 677 1209; x_wconf 90' lang='lat' dir='ltr'>misero)</span> <span class='ocrx_word' id='word_1_102' title='bbox 707 1162 803 1199; x_wconf 91' lang='lat' dir='ltr'>dum</span> <span class='ocrx_word' id='word_1_103' title='bbox 826 1163 931 1199; x_wconf 90' lang='lat' dir='ltr'>tristi</span> <span class='ocrx_word' id='word_1_104' title='bbox 952 1168 1111 1210; x_wconf 86' lang='lat' dir='ltr'>pectore</span> <span class='ocrx_word' id='word_1_105' title='bbox 1134 1168 1295 1210; x_wconf 78' lang='lat' dir='ltr'>questus</span> 
     </span>
     <span class='ocr_line' id='line_1_18' title="bbox 195 1217 1532 1266; baseline -0.001 -11"><span class='ocrx_word' id='word_1_106' title='bbox 195 1218 326 1256; x_wconf 83' lang='lat' dir='ltr'>Nocte</span> <span class='ocrx_word' id='word_1_107' title='bbox 348 1220 459 1263; x_wconf 87' lang='lat' dir='ltr'>itero,</span> <span class='ocrx_word' id='word_1_108' title='bbox 481 1230 664 1256; x_wconf 90' lang='lat' dir='ltr'>somnum</span> <span class='ocrx_word' id='word_1_109' title='bbox 686 1224 771 1256; x_wconf 86' lang='lat' dir='ltr'>tota</span> <span class='ocrx_word' id='word_1_110' title='bbox 789 1218 838 1255; x_wconf 90' lang='lat' dir='ltr'>de</span> <span class='ocrx_word' id='word_1_111' title='bbox 858 1224 990 1255; x_wconf 88' lang='lat' dir='ltr'>mente</span> <span class='ocrx_word' id='word_1_112' title='bbox 1012 1217 1166 1266; x_wconf 78' lang='lat' dir='ltr'>fugavi,</span> <span class='ocrx_word' id='word_1_113' title='bbox 1240 1219 1381 1264; x_wconf 55' lang='lat' dir='ltr'>calz-Ae⁴</span> <span class='ocrx_word' id='word_1_114' title='bbox 1407 1217 1465 1260; x_wconf 71' lang='grc'>63,</span> <span class='ocrx_word' id='word_1_115' title='bbox 1479 1223 1532 1257; x_wconf 70' lang='lat'>25</span> 
     </span>
     <span class='ocr_line' id='line_1_19' title="bbox 195 1274 1187 1323; baseline -0.001 -13"><span class='ocrx_word' id='word_1_116' title='bbox 195 1274 283 1312; x_wconf 88' lang='lat' dir='ltr'>Nec</span> <span class='ocrx_word' id='word_1_117' title='bbox 306 1281 439 1312; x_wconf 89' lang='lat' dir='ltr'>tamen</span> <span class='ocrx_word' id='word_1_118' title='bbox 462 1275 549 1312; x_wconf 90' lang='lat' dir='ltr'>ulla</span> <span class='ocrx_word' id='word_1_119' title='bbox 570 1286 680 1311; x_wconf 88' lang='lat' dir='ltr'>meae</span> <span class='ocrx_word' id='word_1_120' title='bbox 702 1275 833 1323; x_wconf 85' lang='lat' dir='ltr'>tangit</span> <span class='ocrx_word' id='word_1_121' title='bbox 857 1281 894 1311; x_wconf 84' lang='lat' dir='ltr'>te</span> <span class='ocrx_word' id='word_1_122' title='bbox 917 1286 1013 1311; x_wconf 89' lang='lat' dir='ltr'>cura</span> <span class='ocrx_word' id='word_1_123' title='bbox 1036 1274 1187 1311; x_wconf 79' lang='lat' dir='ltr'>salutis.</span> 
     </span>
     <span class='ocr_line' id='line_1_20' title="bbox 193 1330 1243 1380; baseline -0.003 -12"><span class='ocrx_word' id='word_1_124' title='bbox 193 1331 248 1368; x_wconf 84' lang='lat' dir='ltr'>At</span> <span class='ocrx_word' id='word_1_125' title='bbox 269 1343 351 1368; x_wconf 89' lang='lat' dir='ltr'>non</span> <span class='ocrx_word' id='word_1_126' title='bbox 376 1331 573 1368; x_wconf 81' lang='lat' dir='ltr'>Praxinoe</span> <span class='ocrx_word' id='word_1_127' title='bbox 594 1343 657 1367; x_wconf 88' lang='lat' dir='ltr'>me</span> <span class='ocrx_word' id='word_1_128' title='bbox 677 1330 894 1380; x_wconf 77' lang='lat' dir='ltr'>quondam,</span> <span class='ocrx_word' id='word_1_129' title='bbox 918 1342 999 1367; x_wconf 87' lang='lat' dir='ltr'>non</span> <span class='ocrx_word' id='word_1_130' title='bbox 1024 1330 1243 1378; x_wconf 83' lang='lat' dir='ltr'>Polybotae</span> 
     </span>
     <span class='ocr_line' id='line_1_21' title="bbox 196 1386 1139 1435; baseline 0.001 -12"><span class='ocrx_word' id='word_1_131' title='bbox 196 1387 302 1424; x_wconf 86' lang='lat' dir='ltr'>Filia</span> <span class='ocrx_word' id='word_1_132' title='bbox 321 1387 517 1435; x_wconf 77' lang='lat' dir='ltr'>despexit,</span> <span class='ocrx_word' id='word_1_133' title='bbox 542 1399 624 1424; x_wconf 91' lang='lat' dir='ltr'>non</span> <span class='ocrx_word' id='word_1_134' title='bbox 645 1386 783 1424; x_wconf 90' lang='lat' dir='ltr'>divitis</span> <span class='ocrx_word' id='word_1_135' title='bbox 805 1398 907 1424; x_wconf 84' lang='lat' dir='ltr'>uxor</span> <span class='ocrx_word' id='word_1_136' title='bbox 929 1387 1139 1434; x_wconf 81' lang='lat' dir='ltr'>Amyntae.</span> 
     </span>
     <span class='ocr_line' id='line_1_22' title="bbox 195 1442 1579 1492; baseline -0.001 -12"><span class='ocrx_word' id='word_1_137' title='bbox 195 1443 390 1490; x_wconf 89' lang='lat' dir='ltr'>Quamvis</span> <span class='ocrx_word' id='word_1_138' title='bbox 415 1443 526 1480; x_wconf 87' lang='lat' dir='ltr'>culta</span> <span class='ocrx_word' id='word_1_139' title='bbox 549 1444 650 1487; x_wconf 85' lang='lat' dir='ltr'>sinu,</span> <span class='ocrx_word' id='word_1_140' title='bbox 677 1443 861 1492; x_wconf 87' lang='lat' dir='ltr'>quamvis</span> <span class='ocrx_word' id='word_1_141' title='bbox 884 1442 991 1480; x_wconf 81' lang='lat' dir='ltr'>foret</span> <span class='ocrx_word' id='word_1_142' title='bbox 1017 1442 1110 1479; x_wconf 88' lang='lat' dir='ltr'>alba</span> <span class='ocrx_word' id='word_1_143' title='bbox 1135 1442 1310 1490; x_wconf 80' lang='lat' dir='ltr'>papillis.</span> <span class='ocrx_word' id='word_1_144' title='bbox 1530 1442 1579 1478; x_wconf 78' lang='lat'>20</span> 
     </span>
     <span class='ocr_line' id='line_1_23' title="bbox 194 1498 1322 1548; baseline -0.001 -12"><span class='ocrx_word' id='word_1_145' title='bbox 194 1499 305 1546; x_wconf 86' lang='lat' dir='ltr'>Quin</span> <span class='ocrx_word' id='word_1_146' title='bbox 327 1500 446 1536; x_wconf 88' lang='lat' dir='ltr'>etiam</span> <span class='ocrx_word' id='word_1_147' title='bbox 469 1499 646 1536; x_wconf 90' lang='lat' dir='ltr'>Aenaria</span> <span class='ocrx_word' id='word_1_148' title='bbox 675 1498 728 1546; x_wconf 91' lang='lat' dir='ltr'>(si</span> <span class='ocrx_word' id='word_1_149' title='bbox 750 1499 964 1548; x_wconf 84' lang='lat' dir='ltr'>quicquam</span> <span class='ocrx_word' id='word_1_150' title='bbox 986 1498 1135 1545; x_wconf 83' lang='lat' dir='ltr'>credis)</span> <span class='ocrx_word' id='word_1_151' title='bbox 1166 1499 1215 1535; x_wconf 87' lang='lat' dir='ltr'>ab</span> <span class='ocrx_word' id='word_1_152' title='bbox 1235 1498 1322 1535; x_wconf 85' lang='lat' dir='ltr'>alta</span> 
     </span>
     <span class='ocr_line' id='line_1_24' title="bbox 194 1555 1250 1604; baseline -0.002 -11"><span class='ocrx_word' id='word_1_153' title='bbox 194 1555 321 1604; x_wconf 86' lang='lat' dir='ltr'>Saepe</span> <span class='ocrx_word' id='word_1_154' title='bbox 340 1567 485 1602; x_wconf 90' lang='lat' dir='ltr'>vocor;</span> <span class='ocrx_word' id='word_1_155' title='bbox 509 1555 610 1593; x_wconf 89' lang='lat' dir='ltr'>solet</span> <span class='ocrx_word' id='word_1_156' title='bbox 632 1556 719 1603; x_wconf 88' lang='lat' dir='ltr'>ipsa</span> <span class='ocrx_word' id='word_1_157' title='bbox 736 1567 843 1592; x_wconf 88' lang='lat' dir='ltr'>meas</span> <span class='ocrx_word' id='word_1_158' title='bbox 865 1555 1031 1592; x_wconf 89' lang='lat' dir='ltr'>laudare</span> <span class='ocrx_word' id='word_1_159' title='bbox 1053 1555 1250 1592; x_wconf 75' lang='lat' dir='ltr'>Camenas</span> 
     </span>
     <span class='ocr_line' id='line_1_25' title="bbox 196 1611 1173 1660; baseline -0.002 -12"><span class='ocrx_word' id='word_1_160' title='bbox 196 1611 244 1648; x_wconf 95' lang='lat' dir='ltr'>In</span> <span class='ocrx_word' id='word_1_161' title='bbox 265 1612 405 1660; x_wconf 85' lang='lat' dir='ltr'>primis</span> <span class='ocrx_word' id='word_1_162' title='bbox 425 1611 604 1649; x_wconf 89' lang='lat' dir='ltr'>formosa</span> <span class='ocrx_word' id='word_1_163' title='bbox 624 1611 760 1660; x_wconf 86' lang='lat' dir='ltr'>Hyale</span> <span class='ocrx_word' id='word_1_164' title='bbox 779 1612 843 1648; x_wconf 91' lang='lat' dir='ltr'>cui</span> <span class='ocrx_word' id='word_1_165' title='bbox 863 1611 1024 1659; x_wconf 83' lang='lat' dir='ltr'>sanguis</span> <span class='ocrx_word' id='word_1_166' title='bbox 1047 1611 1173 1647; x_wconf 88' lang='lat' dir='ltr'>Iberis</span> 
     </span>
     <span class='ocr_line' id='line_1_26' title="bbox 195 1667 1186 1715; baseline -0.002 -10"><span class='ocrx_word' id='word_1_167' title='bbox 195 1667 341 1705; x_wconf 89' lang='lat' dir='ltr'>Clarus</span> <span class='ocrx_word' id='word_1_168' title='bbox 365 1668 460 1711; x_wconf 76' lang='lat' dir='ltr'>avis,</span> <span class='ocrx_word' id='word_1_169' title='bbox 485 1668 548 1705; x_wconf 92' lang='lat' dir='ltr'>cui</span> <span class='ocrx_word' id='word_1_170' title='bbox 570 1673 629 1705; x_wconf 90' lang='lat' dir='ltr'>tot</span> <span class='ocrx_word' id='word_1_171' title='bbox 653 1674 792 1711; x_wconf 73' lang='lat' dir='ltr'>terrae,</span> <span class='ocrx_word' id='word_1_172' title='bbox 818 1673 877 1704; x_wconf 88' lang='lat' dir='ltr'>tot</span> <span class='ocrx_word' id='word_1_173' title='bbox 900 1667 1022 1704; x_wconf 91' lang='lat' dir='ltr'>litora</span> <span class='ocrx_word' id='word_1_174' title='bbox 1044 1672 1186 1715; x_wconf 86' lang='lat' dir='ltr'>parent</span> 
     </span>
     <span class='ocr_line' id='line_1_27' title="bbox 194 1722 1294 1772; baseline -0.002 -12"><span class='ocrx_word' id='word_1_175' title='bbox 194 1723 387 1772; x_wconf 87' lang='lat' dir='ltr'>Quaeque</span> <span class='ocrx_word' id='word_1_176' title='bbox 410 1723 473 1760; x_wconf 88' lang='lat' dir='ltr'>vel</span> <span class='ocrx_word' id='word_1_177' title='bbox 498 1724 539 1760; x_wconf 91' lang='lat' dir='ltr'>in</span> <span class='ocrx_word' id='word_1_178' title='bbox 561 1723 703 1760; x_wconf 91' lang='lat' dir='ltr'>mediis</span> <span class='ocrx_word' id='word_1_179' title='bbox 729 1723 968 1772; x_wconf 87' lang='lat' dir='ltr'>Neptunum</span> <span class='ocrx_word' id='word_1_180' title='bbox 993 1729 1141 1759; x_wconf 85' lang='lat' dir='ltr'>torreat</span> <span class='ocrx_word' id='word_1_181' title='bbox 1165 1722 1294 1759; x_wconf 86' lang='lat' dir='ltr'>undis.</span> 
     </span>
     <span class='ocr_line' id='line_1_28' title="bbox 193 1779 1343 1828; baseline -0.002 -12"><span class='ocrx_word' id='word_1_182' title='bbox 193 1779 271 1817; x_wconf 91' lang='lat' dir='ltr'>Sed</span> <span class='ocrx_word' id='word_1_183' title='bbox 297 1779 395 1816; x_wconf 92' lang='lat' dir='ltr'>mihi</span> <span class='ocrx_word' id='word_1_184' title='bbox 420 1780 517 1828; x_wconf 85' lang='lat' dir='ltr'>quid</span> <span class='ocrx_word' id='word_1_185' title='bbox 543 1786 710 1828; x_wconf 88' lang='lat' dir='ltr'>prosunt</span> <span class='ocrx_word' id='word_1_186' title='bbox 737 1780 833 1816; x_wconf 87' lang='lat' dir='ltr'>haec</span> <span class='ocrx_word' id='word_1_187' title='bbox 857 1780 1001 1817; x_wconf 88' lang='lat' dir='ltr'>omnia.</span> <span class='ocrx_word' id='word_1_188' title='bbox 1031 1780 1061 1815; x_wconf 87' lang='lat' dir='ltr'>si</span> <span class='ocrx_word' id='word_1_189' title='bbox 1089 1779 1161 1815; x_wconf 89' lang='lat' dir='ltr'>tibi</span> <span class='ocrx_word' id='word_1_190' title='bbox 1187 1784 1343 1815; x_wconf 84' lang='lat' dir='ltr'>tantum</span> 
     </span>
     <span class='ocr_line' id='line_1_29' title="bbox 202 1835 1255 1884; baseline -0.003 -11"><span class='ocrx_word' id='word_1_191' title='bbox 202 1836 327 1883; x_wconf 88' lang='lat' dir='ltr'>(Quis</span> <span class='ocrx_word' id='word_1_192' title='bbox 345 1836 494 1879; x_wconf 82' lang='lat' dir='ltr'>credat,</span> <span class='ocrx_word' id='word_1_193' title='bbox 517 1835 736 1883; x_wconf 86' lang='lat' dir='ltr'>Galatea?)</span> <span class='ocrx_word' id='word_1_194' title='bbox 765 1835 838 1873; x_wconf 87' lang='lat' dir='ltr'>tibi</span> <span class='ocrx_word' id='word_1_195' title='bbox 855 1836 888 1872; x_wconf 89' lang='lat' dir='ltr'>si</span> <span class='ocrx_word' id='word_1_196' title='bbox 908 1835 1079 1884; x_wconf 88' lang='lat' dir='ltr'>denique</span> <span class='ocrx_word' id='word_1_197' title='bbox 1100 1840 1255 1871; x_wconf 81' lang='lat' dir='ltr'>tantum</span> 
     </span>
     <span class='ocr_line' id='line_1_30' title="bbox 197 1891 1140 1941; baseline -0.001 -13"><span class='ocrx_word' id='word_1_198' title='bbox 197 1892 431 1941; x_wconf 86' lang='lat' dir='ltr'>Displiceo?</span> <span class='ocrx_word' id='word_1_199' title='bbox 454 1893 486 1928; x_wconf 88' lang='lat' dir='ltr'>si</span> <span class='ocrx_word' id='word_1_200' title='bbox 511 1898 554 1929; x_wconf 92' lang='lat' dir='ltr'>tu</span> <span class='ocrx_word' id='word_1_201' title='bbox 575 1899 753 1929; x_wconf 87' lang='lat' dir='ltr'>nostram</span> <span class='ocrx_word' id='word_1_202' title='bbox 777 1891 951 1929; x_wconf 85' lang='lat' dir='ltr'>crudelis</span> <span class='ocrx_word' id='word_1_203' title='bbox 973 1903 1140 1928; x_wconf 88' lang='lat' dir='ltr'>avenam</span> 
     </span>
     <span class='ocr_line' id='line_1_31' title="bbox 195 1947 1241 1995; baseline -0.004 -9"><span class='ocrx_word' id='word_1_204' title='bbox 195 1948 292 1986; x_wconf 91' lang='lat' dir='ltr'>Sola</span> <span class='ocrx_word' id='word_1_205' title='bbox 316 1947 438 1995; x_wconf 67' lang='lat' dir='ltr'>fugis,</span> <span class='ocrx_word' id='word_1_206' title='bbox 465 1948 551 1985; x_wconf 89' lang='lat' dir='ltr'>sola</span> <span class='ocrx_word' id='word_1_207' title='bbox 574 1954 611 1985; x_wconf 88' lang='lat' dir='ltr'>et</span> <span class='ocrx_word' id='word_1_208' title='bbox 635 1954 791 1985; x_wconf 80' lang='lat' dir='ltr'>nostros</span> <span class='ocrx_word' id='word_1_209' title='bbox 816 1948 1036 1985; x_wconf 88' lang='lat' dir='ltr'>contemnis</span> <span class='ocrx_word' id='word_1_210' title='bbox 1062 1947 1241 1984; x_wconf 82' lang='lat' dir='ltr'>amores?</span> 
     </span>
     <span class='ocr_line' id='line_1_32' title="bbox 195 2002 1580 2053; baseline -0.004 -11"><span class='ocrx_word' id='word_1_211' title='bbox 195 2003 343 2042; x_wconf 89' lang='lat' dir='ltr'>Ostrea</span> <span class='ocrx_word' id='word_1_212' title='bbox 368 2005 516 2041; x_wconf 89' lang='lat' dir='ltr'>Miseni</span> <span class='ocrx_word' id='word_1_213' title='bbox 543 2003 810 2053; x_wconf 83' lang='lat' dir='ltr'>pendentibus</span> <span class='ocrx_word' id='word_1_214' title='bbox 836 2009 949 2040; x_wconf 87' lang='lat' dir='ltr'>eruta</span> <span class='ocrx_word' id='word_1_215' title='bbox 972 2004 1078 2040; x_wconf 82' lang='lat' dir='ltr'>saxis</span> <span class='ocrx_word' id='word_1_216' title='bbox 1529 2002 1580 2037; x_wconf 90' lang='lat'>30</span> 
     </span>
     <span class='ocr_line' id='line_1_33' title="bbox 197 2059 1140 2107; baseline -0.002 -10"><span class='ocrx_word' id='word_1_217' title='bbox 197 2060 316 2097; x_wconf 89' lang='lat' dir='ltr'>Mille</span> <span class='ocrx_word' id='word_1_218' title='bbox 340 2060 412 2097; x_wconf 89' lang='lat' dir='ltr'>tibi</span> <span class='ocrx_word' id='word_1_219' title='bbox 434 2061 535 2102; x_wconf 83' lang='lat' dir='ltr'>misi,</span> <span class='ocrx_word' id='word_1_220' title='bbox 561 2059 728 2097; x_wconf 86' lang='lat' dir='ltr'>totidem</span> <span class='ocrx_word' id='word_1_221' title='bbox 751 2059 823 2096; x_wconf 90' lang='lat' dir='ltr'>sub</span> <span class='ocrx_word' id='word_1_222' title='bbox 849 2059 1007 2107; x_wconf 71' lang='lat' dir='ltr'>gurgite</span> <span class='ocrx_word' id='word_1_223' title='bbox 1029 2064 1140 2095; x_wconf 83' lang='lat' dir='ltr'>vasto</span> 
     </span>
     <span class='ocr_line' id='line_1_34' title="bbox 198 2114 1244 2165; baseline -0.004 -12"><span class='ocrx_word' id='word_1_224' title='bbox 198 2116 449 2165; x_wconf 85' lang='lat' dir='ltr'>PausilypuS,</span> <span class='ocrx_word' id='word_1_225' title='bbox 474 2116 641 2153; x_wconf 88' lang='lat' dir='ltr'>totidem</span> <span class='ocrx_word' id='word_1_226' title='bbox 664 2116 801 2152; x_wconf 84' lang='lat' dir='ltr'>vitreis</span> <span class='ocrx_word' id='word_1_227' title='bbox 825 2115 1008 2162; x_wconf 86' lang='lat' dir='ltr'>Euploea</span> <span class='ocrx_word' id='word_1_228' title='bbox 1032 2115 1102 2152; x_wconf 87' lang='lat' dir='ltr'>sub</span> <span class='ocrx_word' id='word_1_229' title='bbox 1126 2114 1244 2151; x_wconf 79' lang='lat' dir='ltr'>undis</span> 
     </span>
     <span class='ocr_line' id='line_1_35' title="bbox 195 2170 1275 2221; baseline -0.005 -11"><span class='ocrx_word' id='word_1_230' title='bbox 195 2172 336 2210; x_wconf 87' lang='lat' dir='ltr'>Servat</span> <span class='ocrx_word' id='word_1_231' title='bbox 359 2172 514 2219; x_wconf 86' lang='lat' dir='ltr'>adhuc;</span> <span class='ocrx_word' id='word_1_232' title='bbox 540 2171 676 2221; x_wconf 85' lang='lat' dir='ltr'>plures</span> <span class='ocrx_word' id='word_1_233' title='bbox 699 2171 818 2208; x_wconf 88' lang='lat' dir='ltr'>Nesis</span> <span class='ocrx_word' id='word_1_234' title='bbox 838 2171 937 2208; x_wconf 90' lang='lat' dir='ltr'>mihi</span> <span class='ocrx_word' id='word_1_235' title='bbox 961 2177 1091 2208; x_wconf 82' lang='lat' dir='ltr'>servat</span> <span class='ocrx_word' id='word_1_236' title='bbox 1115 2170 1275 2207; x_wconf 80' lang='lat' dir='ltr'>echinos</span> 
     </span>
     <span class='ocr_line' id='line_1_36' title="bbox 197 2227 1166 2275; baseline -0.004 -10"><span class='ocrx_word' id='word_1_237' title='bbox 197 2227 309 2275; x_wconf 89' lang='lat' dir='ltr'>Quos</span> <span class='ocrx_word' id='word_1_238' title='bbox 331 2239 404 2265; x_wconf 90' lang='lat' dir='ltr'>nec</span> <span class='ocrx_word' id='word_1_239' title='bbox 428 2240 518 2265; x_wconf 88' lang='lat' dir='ltr'>vere</span> <span class='ocrx_word' id='word_1_240' title='bbox 542 2239 647 2265; x_wconf 78' lang='lat' dir='ltr'>novo</span> <span class='ocrx_word' id='word_1_241' title='bbox 670 2227 782 2264; x_wconf 84' lang='lat' dir='ltr'>foliis</span> <span class='ocrx_word' id='word_1_242' title='bbox 807 2227 996 2264; x_wconf 87' lang='lat' dir='ltr'>lentiscus</span> <span class='ocrx_word' id='word_1_243' title='bbox 1021 2227 1166 2264; x_wconf 80' lang='lat' dir='ltr'>amaris</span> 
     </span>
     <span class='ocr_line' id='line_1_37' title="bbox 197 2282 1190 2331; baseline -0.003 -10"><span class='ocrx_word' id='word_1_244' title='bbox 197 2283 334 2321; x_wconf 89' lang='lat' dir='ltr'>Inficit</span> <span class='ocrx_word' id='word_1_245' title='bbox 357 2290 425 2321; x_wconf 86' lang='lat' dir='ltr'>aut</span> <span class='ocrx_word' id='word_1_246' title='bbox 447 2296 594 2321; x_wconf 87' lang='lat' dir='ltr'>vacuae</span> <span class='ocrx_word' id='word_1_247' title='bbox 618 2290 784 2321; x_wconf 89' lang='lat' dir='ltr'>tenuant</span> <span class='ocrx_word' id='word_1_248' title='bbox 806 2282 1020 2331; x_wconf 85' lang='lat' dir='ltr'>dispendia</span> <span class='ocrx_word' id='word_1_249' title='bbox 1041 2282 1190 2319; x_wconf 85' lang='lat' dir='ltr'>Lunae.</span> 
     </span>
     <span class='ocr_line' id='line_1_38' title="bbox 198 2337 1291 2388; baseline -0.004 -11"><span class='ocrx_word' id='word_1_250' title='bbox 198 2340 409 2377; x_wconf 89' lang='lat' dir='ltr'>Praeterea</span> <span class='ocrx_word' id='word_1_251' title='bbox 432 2340 530 2377; x_wconf 86' lang='lat' dir='ltr'>mihi</span> <span class='ocrx_word' id='word_1_252' title='bbox 558 2340 629 2376; x_wconf 87' lang='lat' dir='ltr'>sub</span> <span class='ocrx_word' id='word_1_253' title='bbox 655 2339 799 2388; x_wconf 85' lang='lat' dir='ltr'>pelago</span> <span class='ocrx_word' id='word_1_254' title='bbox 824 2350 966 2376; x_wconf 86' lang='lat' dir='ltr'>manus</span> <span class='ocrx_word' id='word_1_255' title='bbox 991 2344 1086 2386; x_wconf 86' lang='lat' dir='ltr'>apta</span> <span class='ocrx_word' id='word_1_256' title='bbox 1110 2337 1291 2386; x_wconf 82' lang='lat' dir='ltr'>legendis</span> 
     </span>
     <span class='ocr_line' id='line_1_39' title="bbox 199 2395 1169 2444; baseline -0.003 -11"><span class='ocrx_word' id='word_1_257' title='bbox 199 2396 448 2442; x_wconf 74' lang='lat' dir='ltr'>Muricibus3</span> <span class='ocrx_word' id='word_1_258' title='bbox 474 2395 599 2432; x_wconf 88' lang='lat' dir='ltr'>didici</span> <span class='ocrx_word' id='word_1_259' title='bbox 624 2396 769 2444; x_wconf 83' lang='lat' dir='ltr'>Tyrios</span> <span class='ocrx_word' id='word_1_260' title='bbox 793 2406 1031 2442; x_wconf 77' lang='lat' dir='ltr'>cognoscere</span> <span class='ocrx_word' id='word_1_261' title='bbox 1055 2405 1169 2431; x_wconf 89' lang='lat' dir='ltr'>sucos</span> 
     </span>
     <span class='ocr_line' id='line_1_40' title="bbox 197 2450 1188 2507; baseline -0.002 -17"><span class='ocrx_word' id='word_1_262' title='bbox 197 2452 368 2507; x_wconf 77' lang='lat' dir='ltr'>Quoque</span> <span class='ocrx_word' id='word_1_263' title='bbox 389 2451 509 2490; x_wconf 91' lang='lat' dir='ltr'>modo</span> <span class='ocrx_word' id='word_1_264' title='bbox 533 2452 653 2501; x_wconf 88' lang='lat' dir='ltr'>plena</span> <span class='ocrx_word' id='word_1_265' title='bbox 674 2451 820 2495; x_wconf 88' lang='lat' dir='ltr'>durent</span> <span class='ocrx_word' id='word_1_266' title='bbox 843 2450 1055 2499; x_wconf 85' lang='lat' dir='ltr'>conchylia</span> <span class='ocrx_word' id='word_1_267' title='bbox 1076 2455 1188 2488; x_wconf 76' lang='lat' dir='ltr'>testa.</span> 
     </span>
    </p>
   </div>
  </div>
 </body>
</html>
