1757 2725
696 65 789 97 FRA
798 64 942 96 ouium
951 65 1055 97 TUM
1520 66 1566 103 75

657 244 1097 282 FRAGMENTUM.

484 358 606 404 (Cois.
641 358 726 395 Vat.
754 358 841 394 Lat.
867 354 990 405 3361,
1013 358 1057 403 ff.
1085 354 1266 405 61-6112.)

241 447 415 493 Optatos
442 446 518 481 iam
549 445 730 492 Euploea
755 445 852 480 milii
879 445 1138 492 circumspice
1165 451 1303 492 portus

187 501 279 548 Quo
308 502 452 549 passim
481 512 627 537 uacuas
656 500 771 536 liceat
798 500 1009 548 disponere
1036 512 1172 536 nassas

187 559 277 603 Quo
309 557 424 593 liceat
455 556 631 604 trepidas
659 557 784 593 nassis
814 556 1018 592 includere
1049 556 1217 604 praedas

190 613 241 649 let
262 613 452 660 Zephyris
474 613 648 649 releuare
671 624 811 659 graues
832 612 1076 659 spirantibus
1098 612 1242 648 Aestus

186 670 309 718 Siqua
335 678 464 705 mouet
490 668 677 716 cupidam
704 668 851 705 uelocis
879 669 1006 715 gratia
1031 668 1205 716 cymbae.

242 725 384 773 'l‘uque
408 724 502 773 ades
524 739 546 761 o
571 725 693 760 nostri
719 736 865 760 merces
890 736 967 759 non
995 736 1119 772 parua
1144 724 1291 760 laboris

187 784 318 828 Quum
346 781 525 817 Phoebus
545 781 654 821 mihi,
677 792 795 829 quani
816 781 957 816 doctae
978 793 1065 816 inea
1084 780 1201 816 turha
1221 792 1374 815 sorores

187 837 429 875 Conciliant,
453 836 627 885 dumque
651 837 732 884 ipse
758 843 880 872 ratem
907 836 954 872 de
979 836 1094 872 litore
1120 836 1225 883 pello

192 893 252 928 Da
277 893 367 928 uela
393 893 608 931 insinuans,
639 893 859 940 pelagoque
886 904 1049 928 excurre
1076 893 1226 939 patenti

192 949 285 985 Pars
307 949 462 984 animae
492 949 681 984 l'uderice
707 961 825 986 meae.
852 956 888 984 te
915 961 1004 984 nznn
1029 960 1099 984 sua
1130 948 1280 984 Nereus
1527 950 1570 982 1()

189 1004 261 1040 Per
285 1004 400 1044 uada,
427 1011 463 1040 te
490 1004 644 1053 liquido
671 1005 790 1040 Doris
816 1011 931 1041 uocat
957 1004 1114 1040 aemula
1142 1003 1281 1043 fundo,

191 1060 295 1097 Dum
320 1060 398 1097 late
422 1060 664 1097 undisonum
687 1072 850 1108 campus
873 1061 1014 1107 strepit
1036 1061 1165 1097 omnis
1187 1071 1404 1108 aquarum.>

243 1116 438 1153 Lucrinae
459 1116 508 1153 ad
533 1117 699 1153 Veneris
719 1116 905 1164 scopulos
926 1122 1167 1153 conuenerat
1188 1116 1315 1153 omnis

186 1173 395 1213 Aenariae,
426 1173 725 1221 Prochytaeque
750 1184 902 1209 manus.
957 1172 1210 1220 Zephyraeus
1234 1183 1361 1219 opaca

186 1228 347 1265 Scilicet
372 1229 558 1274 Aenaria,
587 1228 787 1276 Prochyta
809 1229 918 1265 uenit
947 1228 1153 1277 Eutychus
1178 1228 1261 1264 alta

189 1284 371 1333 Insignes
397 1284 511 1322 ambo
538 1284 714 1331 calamis,
742 1291 779 1321 et
804 1284 983 1321 uersibus
1009 1284 1125 1322 ambo

186 1340 318 1388 Aptus
346 1347 511 1389 uterque
540 1339 668 1385 fretis,
698 1340 916 1388 piscatibus
944 1346 1061 1388 aptus
1087 1345 1253 1388 uterque

190 1396 266 1433 Ille
291 1396 430 1433 hamos
454 1408 624 1441 uersare,
650 1397 715 1433 hic
740 1397 840 1433 retia
864 1396 1018 1433 soluere
1044 1397 1083 1432 in
1110 1407 1257 1444 aequor

184 1449 307 1499 Zeplz.
349 1452 455 1488 'l‘um
481 1453 590 1500 prior
614 1453 711 1489 haec
736 1453 914 1501 Zephyre
1017 1452 1150 1489 adeste
1176 1465 1198 1490 o
1222 1452 1339 1488 litore
1363 1452 1411 1488 ab
1437 1452 1543 1488 omni

190 1509 438 1545 Piscatorum
464 1515 578 1553 artes,
608 1508 782 1557 liquidas
809 1509 1005 1557 exquirite
1033 1508 1142 1546 sedes
1522 1508 1571 1543 20

187 1565 341 1601 Vertite
363 1565 580 1601 Tritonum
601 1564 787 1610 latebram,
812 1570 1016 1613 penetrate
1039 1576 1213 1601 recessus

189 1619 421 1657 Nereidum.
478 1620 698 1669 Nunquam
724 1627 881 1657 nostros
906 1620 1095 1657 sedabitis
1119 1621 1231 1669 ignes

189 1675 409 1725 Nunquam
432 1688 493 1713 me
519 1676 681 1722 Pholoe,
705 1687 911 1725 nunquam
933 1688 996 1713 me
1018 1675 1166 1713 chloris
1190 1676 1339 1713 amabit

189 1731 275 1769 Ede
299 1739 387 1770 tuos
409 1744 564 1769 mecum
586 1732 746 1769 tandem
770 1744 869 1769 caua
891 1733 1062 1769 buccina
1083 1731 1208 1769 fletus.

185 1788 280 1825 Eut.
314 1788 464 1826 Omnia
486 1789 650 1834 tentaui,
676 1794 812 1831 terras,
836 1801 956 1830 mare,
980 1788 1132 1827 nubila.
1156 1787 1310 1824 coelum

187 1844 488 1893 Ventorumque
515 1844 654 1882 domos

188 1899 337 1937 Omnia
359 1900 425 1936 sed
450 1912 620 1937 nocuere
643 1900 772 1937 simul.
824 1911 929 1937 nunc
954 1901 1006 1937 ite
1031 1899 1189 1948 puellae

191 1956 251 1993 Ite
273 1955 370 1993 deae
395 1956 540 2005 pelagi,
569 1955 694 2005 furijs
719 1957 902 1993 arcessite
927 1957 1074 1993 nostris

189 2011 310 2049 Nunc
336 2012 436 2049 alios
461 2024 609 2057 succos,
637 2012 816 2061 aliasque
847 2012 1117 2060 Melampodis
1142 2012 1283 2048 herbas

191 2068 276 2105 Ede
306 2073 394 2105 tuos
421 2080 576 2105 mecum
605 2068 766 2105 tandem
797 2080 896 2105 caua
924 2069 1094 2105 buccina
1121 2067 1245 2117 fletus.
1522 2068 1572 2102 30

186 2122 309 2171 Zeplz.
372 2123 467 2161 Non
493 2125 670 2173 magicos
696 2136 844 2168 uersus,
875 2125 1090 2173 ignotaque
1116 2125 1280 2160 nomina
1308 2135 1436 2159 rerum

191 2179 492 2229 Dissimilesque
522 2180 639 2222 Deos,
668 2181 953 2229 Herehuinque
980 2180 1191 2228 Chaosque
1218 2179 1358 2227 reliqui

192 2236 304 2283 Ipsos
332 2236 428 2284 quin
456 2237 575 2273 etiam
602 2235 672 2274 filo
699 2236 938 2273 conuoluere
967 2236 1174 2273 Rhomhos

192 2291 364 2335 Edidici,
392 2293 618 2341 parteisque
643 2305 750 2329 meas
775 2292 823 2329 de
851 2293 966 2329 litore
993 2292 1154 2328 echinos

191 2346 251 2384 De
273 2348 449 2395 scopulis
469 2360 661 2393 muscum,
685 2348 733 2385 de
756 2347 941 2386 fluctibus
962 2348 1166 2384 hausimus
1187 2347 1314 2384 undas

191 2403 277 2440 Ede
304 2410 391 2441 tuos
417 2415 570 2441 mecum
597 2403 758 2441 tandem
785 2415 885 2441 caua
908 2404 1079 2440 buccina
1102 2402 1226 2440 fletus,
