1845 2752
190 133 240 169 60
523 128 661 160 ACTJJ
684 127 904 158 SYNCERI
928 125 1242 157 SANNAZARII

194 245 373 280 Piscator
397 243 505 291 legat
530 249 566 278 et
592 241 756 289 scopulo
781 241 951 288 suspiret
976 240 1025 276 ab
1049 239 1153 275 alto:

191 314 251 339 IN.
273 311 448 339 GREMIO.
472 310 668 337 PHYLLIS.
692 308 895 336 RECVBAT.
920 307 1099 334 SIRENIS.
1123 305 1303 332 ΑΜΑΤΑΕ

191 368 435 396 CONSVRGIS.
462 365 644 393 GEMINO.
672 365 807 391 FELIX.
835 364 1039 389 sEBE'rniz.
1066 362 1277 389 snpvoeno

802 443 899 488 1}ch
905 453 966 478 on.

251 524 379 560 Dulce
404 529 557 567 sonant,
582 521 745 570 Lycida,
770 528 838 557 tua
862 520 1050 564 carmina,
1074 530 1145 555 nec
1168 518 1266 554 mihi
1289 517 1427 553 malim

194 581 420 629 Alcyonum
444 580 622 615 lamenta
639 584 711 614 ‘aut
734 577 813 614 udo
838 577 878 612 in
904 577 1082 625 gramine
1105 575 1216 622 ripae

196 638 363 684 Propter
389 647 533 684 aquam
557 634 695 671 dulces
719 645 934 681 cycnorum
959 631 1097 668 audire
1122 630 1314 679 querelas.

194 694 271 729 Sed
295 700 337 729 tu
369 693 445 741 (sic
469 691 611 728 faciles
632 691 766 727 vicina
788 689 974 737 Megaria
995 699 1148 735 semper

195 748 372 785 Sufficiat
398 748 582 792 conchas,
608 747 663 782 sic
688 746 873 794 proxima
899 744 1132 792 Mergilliue

197 806 342 843 Ostrea
366 816 607 852 saxosaeque
634 802 740 838 ferat
765 802 837 838 tibi
865 801 975 848 rupis
1000 800 1181 847 echinos)

196 860 535 909 Quandoquidem
555 872 635 896 nox
654 859 844 895 obscuras
861 858 947 906 jam
969 856 1126 893 distulit
1146 855 1306 892 umbras

198 918 384 954 Necdum
406 928 636 965 permensus
658 915 813 951 caelum
834 913 915 958 Sol„
939 913 1069 960 incipe
1091 923 1226 948 rursus

196 975 328 1023 Atque
350 974 450 1010 itera
470 973 569 1009 mihi
591 983 775 1018 carmen3
800 970 947 1006 habent
970 970 1113 1005 iterata
1134 968 1322 1015 leporem.

795 1047 980 1096 Lycidas.

254 1131 318 1168 Ne
336 1131 536 1175 miserum,
556 1141 604 1165 ne
624 1140 732 1176 coge,
758 1128 931 1176 Mycong
955 1132 1014 1162 sat
1033 1125 1199 1170 lumina,
1221 1130 1280 1161 sat
1300 1124 1386 1172 jam

199 1188 430 1224 Exhaustae
454 1185 643 1223 maduere
668 1195 815 1233 genae3
843 1183 958 1220 dolor
993 1181 1166 1229 (aspice)
1199 1181 1322 1217 siccas

199 1244 383 1282 Obduxit
407 1243 545 1279 fauces
568 1242 697 1290 quatit
722 1247 759 1277 et
781 1239 1024 1288 singultibus
1049 1239 1172 1274 imum

200 1301 355 1346 Pectus,
379 1299 713 1346 anhelantemque
737 1297 911 1333 animam
934 1307 1012 1331 vox
1035 1306 1155 1342 aegra
1176 1293 1378 1341 relinquit.

200 1357 255 1393 Et
277 1362 410 1393 tamen
433 1356 530 1392 haec
554 1354 653 1391 alias
677 1353 751 1390 tibi
774 1365 847 1390 nos
871 1358 907 1388 et
932 1351 1052 1399 plura
1074 1361 1271 1390 canemus,

202 1414 385 1450 Fortasse
412 1418 449 1448 et
474 1411 652 1455 meliora,
682 1409 810 1446 aderit
835 1409 867 1445 si
896 1408 1017 1444 Musa
1042 1406 1210 1443 canenti.

201 1470 311 1516 Quin
333 1474 370 1505 et
391 1467 572 1505 veliferis
592 1467 690 1503 olim
712 1466 809 1502 haec
830 1463 1048 1512 spectanda
1070 1463 1226 1502 carinis,

200 1526 278 1563 Seu
302 1524 536 1573 Prochytae,
561 1535 627 1559 seu
652 1522 799 1558 Miseni
821 1521 892 1557 sub
915 1531 1013 1568 rupe
1034 1519 1200 1567 patenti,

204 1581 425 1618 Inscribam
454 1579 702 1628 grandesque
727 1584 842 1614 notas
870 1576 1076 1624 ferrugine
1101 1575 1244 1611 ducam

204 1638 451 1674 Praeterieris
475 1648 572 1684 quas
596 1641 718 1671 nauta
741 1634 842 1670 mari
866 1638 1074 1681 percurrat
1096 1631 1145 1667 ab
1169 1630 1252 1667 alto

204 1695 256 1731 Et
279 1694 408 1730 dicat:
437 1693 443 1707 ‘
463 1692 646 1740 Lycidas,
672 1690 843 1739 Lycidas
865 1690 962 1725 haec
986 1688 1165 1724 carmina
1188 1686 1284 1722 fecit
1303 1685 1324 1722 '.

201 1750 279 1787 Sed
300 1750 488 1798 quoniam
511 1749 605 1784 socii
626 1748 773 1795 passim
794 1758 864 1794 per
882 1746 978 1781 litus
998 1749 1162 1781 ovantes

205 1806 452 1854 Exspectant
479 1811 726 1852 poscuntque
754 1810 841 1838 tuas
869 1801 919 1838 ad
946 1801 1047 1837 retia
1072 1801 1186 1845 vires,

206 1863 281 1898 Eia
303 1874 375 1910 age
396 1862 481 1909 jam
504 1872 724 1908 surgamus.
778 1859 865 1907 Ego
886 1858 983 1894 haec
1006 1857 1056 1893 ad
1077 1857 1195 1892 busta
1215 1854 1383 1901 sedebo3

203 1920 269 1955 Tu
293 1919 419 1955 socios
444 1918 580 1961 invise,
606 1928 712 1952 escas
737 1923 830 1951 nam
854 1925 1042 1963 quaerere
1068 1919 1223 1960 tempus

206 1976 256 2011 Et
280 1975 351 2011 tibi
373 1986 479 2010 nunc
501 1985 649 2009 vacuae
669 1971 828 2008 fluitant
851 1972 933 2006 sine
955 1969 1130 2018 pondere
1153 1979 1302 2004 nassae.

1507 741 1580 776 110

1512 1404 1585 1439 120

1514 1965 1588 2001 130
