1845 2752
205 109 254 145 68
537 106 676 138 ACTJJ
698 106 918 138 SYNCERJ
941 106 1255 139 SANNAZARJJ

518 297 918 335 FERDINANDO
945 298 1271 336 FREDERICI

456 410 587 445 Ricols·
610 410 651 445 F.
674 409 914 449 ΑκΑωΟΝιΟ,
937 410 1187 446 CALABRME
1212 410 1337 453 DUCIJ

578 521 608 556 1⁴2
616 521 646 557 C
654 520 724 557 LO
733 520 808 557 GA
836 522 905 560 lv,
932 521 1003 556 Ple
1012 520 1045 557 O
1056 521 1128 556 TE
1137 521 1175 558 U
1177 520 1206 557 S
1211 552 1216 557 .

262 610 381 646 Nunc
402 611 575 657 primum
595 617 709 646 notas
728 610 826 646 velis
845 611 1070 658 majoribus
1090 611 1219 647 undas

205 666 424 705 Currimus,
451 679 471 701 o
498 666 711 714 Nymphae
737 666 976 711 Craterides,
1003 667 1142 704 ordine
1167 667 1327 715 quando

203 722 351 758 Suadet
374 735 483 758 amor
505 735 619 758 carae
642 723 791 770 primos
813 723 970 759 telluris
990 723 1160 759 honores

206 778 373 816 Dicere:
402 779 605 814 caeruleae
631 779 766 826 magni
794 779 970 815 Crateris
996 779 1193 823 alumnae,

203 835 382 870 'I‘elluris
406 835 554 882 primos
578 847 691 871 carae
714 835 892 871 dicamus
917 836 1097 873 honores.

206 890 312 926 Dum
341 890 463 926 radiis
492 890 651 926 fervens
678 891 852 927 medium
882 891 948 927 Sol
977 892 1157 939 excoquit
1188 904 1346 940 aequor.

258 947 323 982 Tu
347 958 452 985 vero,
480 947 632 994 patriae
656 947 817 994 juvenis
840 947 972 987 decus,
998 947 1100 984 edite
1127 948 1248 993 caelo,

203 1002 300 1049 Spes
327 1003 481 1050 generis
507 1003 620 1043 tanti,
648 1015 715 1039 seu
742 1010 777 1039 te
806 1003 985 1039 nimbosa
1012 1004 1163 1051 Pyrene

206 1059 283 1095 Pro
305 1059 414 1095 dulci
440 1059 568 1099 Latio,
592 1071 664 1106 pro
689 1060 834 1095 nostris
857 1059 1007 1095 detinet
1032 1060 1148 1100 arvis,

203 1114 279 1151 Seu
313 1127 437 1163 vagus
470 1115 629 1163 objecto
662 1116 882 1151 munimine
915 1115 1067 1152 claudit
1104 1116 1252 1159 Iberus,

204 1171 361 1218 Rumpe
386 1182 529 1215 moras,
555 1182 628 1207 nec
651 1177 688 1207 te
715 1172 806 1207 latis
834 1172 1036 1219 Hispania
1062 1172 1193 1219 regnis

201 1226 369 1263 Alliciat
395 1227 578 1274 stirpisve
602 1233 691 1263 tuae
716 1227 937 1275 primordia
961 1233 998 1264 et
1021 1227 1090 1264 ille

204 1282 345 1319 Gentis
369 1283 506 1327 honos,
532 1283 624 1319 licet
650 1283 776 1319 effuso
802 1284 941 1332 Tagus
966 1283 1131 1331 impleat
1156 1296 1251 1321 auro

203 1338 255 1374 Et
278 1345 390 1386 pater
413 1338 596 1375 Oceanus
619 1340 823 1386 spumanti
845 1339 1003 1387 perluat
1024 1339 1144 1376 unda.

205 1394 311 1431 Nam
337 1395 446 1435 mihi,
472 1407 565 1431 nam
590 1402 746 1443 tempus
770 1396 901 1432 veniet
926 1408 1014 1432 cum
1042 1395 1199 1432 reddita
1224 1403 1379 1444 sceptra

205 1451 482 1499 Parthenopae
504 1451 733 1500 fractosque
756 1458 824 1488 tua
844 1452 915 1488 sub
937 1452 1101 1499 cuspide
1121 1464 1233 1500 reges

205 1507 294 1554 Ipse
318 1519 482 1554 canamg
509 1519 613 1544 nunc
634 1507 818 1544 litoream
840 1520 889 1544 ne
913 1508 1070 1556 despice
1096 1509 1256 1545 Musam

203 1563 336 1609 Quam
360 1563 432 1599 tibi
456 1570 546 1611 post
571 1563 702 1605 silvas,
729 1570 818 1612 post
842 1564 1006 1601 horrida
1029 1564 1156 1601 lustra
1181 1564 1325 1612 Lycaei

211 1619 274 1663 (si
300 1619 395 1668 quid
422 1620 462 1656 id
488 1619 565 1667 est)
601 1620 723 1656 salsas
748 1620 897 1656 deduxi
924 1621 1074 1668 primus
1101 1620 1149 1657 ad
1176 1621 1304 1657 undas

202 1675 334 1711 Ausus
362 1676 571 1723 inexperta
597 1682 750 1712 tentare
776 1676 956 1724 pericula
983 1677 1134 1724 cymba.

258 1731 371 1778 Quae
391 1732 495 1768 vada
516 1744 595 1769 non
616 1738 775 1772 norunt,
800 1733 887 1780 quis
910 1733 1033 1768 nescit
1059 1733 1200 1769 Protea
1223 1733 1387 1780 portus?

206 1787 328 1823 Illum
354 1787 449 1824 olim
475 1789 617 1824 veteris
644 1795 870 1836 pascentem
896 1788 945 1825 ad
973 1800 1067 1825 saxa
1094 1789 1302 1825 Minervae

205 1843 530 1892 Mulcentemque
558 1855 647 1880 suas
675 1843 811 1881 divino
840 1846 1015 1881 carmine
1043 1845 1190 1893 phocas

205 1899 236 1934 E
268 1900 395 1947 puppi
427 1912 581 1936 sensere
613 1900 863 1937 Melanthius
892 1907 929 1937 et
962 1901 1258 1941 Phrasidamus,

204 1956 261 1991 Ut
286 1955 391 1992 forte
415 1968 436 1992 a
460 1955 625 2003 Capreis
648 1957 817 1993 obscura
838 1963 952 1993 nocte
974 1957 1170 1993 redibant.

203 2011 366 2048 Sensere
389 2018 426 2048 et
448 2013 559 2049 vario
583 2012 795 2060 delphinas
818 2013 957 2049 ludere
981 2025 1098 2050 cursu

202 2068 498 2116 Tritonumque
523 2068 653 2105 choris
678 2068 798 2117 longe
824 2068 931 2105 freta
953 2069 1071 2116 pulsa
1096 2081 1246 2107 sonare.

204 2124 295 2170 Ipse
322 2130 452 2160 autem
479 2124 791 2173 haudquaquam
817 2125 978 2161 mortali
1006 2125 1129 2171 digna
1154 2125 1296 2161 referri

203 2179 335 2216 Verba
358 2192 452 2217 sono
477 2192 621 2217 vacuas
645 2180 772 2217 laetus
797 2181 984 2217 cantabat
1007 2181 1056 2217 ad
1081 2193 1221 2227 auras;

201 2236 424 2281 Terrigena
446 2242 489 2272 ut
514 2236 717 2285 quondam
740 2238 880 2275 matris
903 2237 951 2274 de
974 2243 1111 2274 ventre
1136 2238 1352 2285 Typhoeus

204 2292 405 2328 Exsiliens
432 2291 603 2329 infanda
629 2293 722 2329 deos
749 2293 798 2329 ad
823 2293 930 2329 bella
955 2299 1157 2335 vocasset:

203 2348 261 2384 Ut
286 2347 459 2385 fratrum
484 2349 635 2396 primus
660 2348 778 2385 furiis
802 2355 838 2385 et
861 2349 1065 2386 hiantibus
1088 2349 1225 2397 hydris

205 2404 428 2441 Instructus
451 2404 592 2441 densas
614 2405 838 2441 ductaverit
862 2406 944 2453 ipse
967 2411 1169 2452 catervas3

204 2460 262 2499 Ut
285 2461 375 2499 nisu
399 2461 552 2512 ingenti
576 2467 709 2513 partes
733 2461 782 2503 de
804 2467 939 2502 monte
963 2461 1140 2504 revulsas

1542 1118 1587 1151 10

1499 1648 1586 1713 *20

1535 2239 1585 2278 30
