1757 2725
705 74 896 105 ECLOGA
927 75 954 104 I.
981 75 1103 112 94-128
1547 76 1592 111 79

253 187 362 225 94-96.
389 186 450 225 Cp.
476 185 604 217 Tibull.
632 186 652 216 i.
679 194 708 223 3,
733 186 830 215 (il-62
863 185 921 223 (os
947 185 1000 215 the
1028 185 1148 223 Campi
1179 184 1323 222 Elysii),
1350 185 1441 215 ‘sert
1466 185 1591 215 casiam

211 240 277 262 non
306 230 398 261 culta
429 241 534 269 seges.
565 236 719 268 totosque
751 240 810 268 per
841 240 943 267 agros
977 228 980 266 Ι
1017 229 1111 260 floret
1141 229 1293 260 odoratis
1326 235 1415 259 terra
1444 229 1593 266 benigna

211 276 340 312 rosis’;
370 276 467 313 Virg.
493 276 578 306 Aen.
609 275 650 305 xi.
677 275 730 308 68.
757 275 936 312 ‘virgineo
963 274 1153 305 demessum
1183 274 1303 312 pollice
1331 274 1489 308 florem‘:
1520 275 1592 305 Es).

211 322 244 353 ii.
266 330 319 361 47,
341 323 348 337 ‘
363 321 528 361 pallentes
550 321 658 352 violas
673 321 700 357 ';
725 320 827 355 Ovid,
848 321 887 352 F.
910 331 939 351 v.
962 327 1034 359 255.
1057 320 1232 359 ‘decerpsi
1254 319 1376 359 pollice
1401 319 1515 351 florem
1530 320 1548 349 '.

254 373 305 403 97.
332 364 393 404 Cp.
430 365 527 402 Virg.
562 364 637 395 Ecl.
674 375 702 394 v.
737 364 788 402 65.
824 364 891 394 ‘sis
924 363 1033 394 bonus
1068 374 1086 393 0
1123 363 1273 402 felixque
1309 363 1418 399 tuis';
1458 363 1593 394 Milton.

210 410 372 448 Lycidas.
406 409 474 448 183.
504 409 744 440 ‘Hencesorth
777 409 858 439 thou
888 419 943 439 are
974 408 1028 439 the
1060 408 1190 439 Genius
1218 408 1257 438 of
1286 408 1339 438 the
1370 408 1479 441 shore,
1513 405 1515 447 Ι
1554 408 1591 438 ln

212 454 270 493 thy
293 454 388 492 large
410 464 638 493 recompense.
661 453 728 484 and
751 453 839 484 shalt
862 453 901 483 be
925 453 1013 491 good
1039 450 1042 484 l
1068 453 1119 483 To
1141 453 1184 483 all
1208 453 1280 484 that
1303 453 1441 483 wander
1465 453 1497 483 in
1522 453 1592 483 that

211 498 362 538 perilous
388 498 510 530 flood'.

254 552 385 581 90400.
413 544 510 581 Virg.
537 543 611 575 Ecl.
640 554 669 573 v.
699 551 748 581 79.
776 544 833 573 ‘ut
864 542 996 573 Baccho
1025 543 1219 581 Cererique,
1247 542 1306 573 tibi
1336 543 1382 572 sic
1410 547 1487 573 vota
1514 553 1593 580 quo-

212 589 325 619 tannis
347 586 351 627 Ι
375 588 546 627 agricolae
568 588 694 619 sacient
710 588 727 618 '.

260 641 407 671 ποι-105.
434 633 494 671 Cp.
527 633 624 671 Virg.
657 632 731 664 Ecl.
763 644 792 663 v,
824 641 934 670 42-44.
967 632 1019 662 ‘et
1052 631 1222 662 tumulum
1257 632 1370 663 facite.
1399 637 1431 662 et
1464 625 1594 662 furnulo

212 689 314 716 super
337 678 451 709 addite
475 688 632 708 carmen:
659 675 661 712 Ι
690 678 708 692 “
725 677 884 715 Daphnis
907 687 969 713 ego
993 677 1027 707 in
1052 676 1159 709 silvis.
1182 676 1260 707 hinc
1287 687 1391 714 usque
1417 676 1457 707 ad
1483 676 1594 707 sidera

211 728 323 755 notus.
353 719 357 759 Ι
390 723 531 753 formosi
559 723 691 760 pecoris
717 728 841 755 custos,
870 722 1056 752 formosior
1081 722 1153 760 ipse
1168 721 1186 736 ”
1201 722 1219 751 ².

260 774 407 806 104-105.
430 767 522 798 Ptin.
556 767 602 797 N.
635 768 683 798 H.
716 767 763 797 iii.
797 767 848 801 62,
881 766 1070 804 ‘Neapolis
1097 791 1102 796 .
1129 791 1135 796 .
1164 766 1378 804 Parthenope
1412 777 1430 797 a
1464 766 1595 797 tumulo

213 813 342 843 Sirenis
366 811 580 850 appellata';
607 811 690 842 Stat.
713 812 797 842 Silv.
822 812 842 841 i.
866 821 896 849 3,
921 812 993 846 260,
1017 812 1072 842 ‘at
1097 817 1126 842 te
1149 816 1343 842 nascentem
1369 812 1498 849 gremio
1522 821 1595 841 mea

212 857 324 896 prima
346 857 471 895 recepit
498 854 501 895 Ι
531 856 755 894 Parthenope.
780 856 956 894 dulcisque
981 856 1052 886 solo
1076 861 1110 886 tu
1136 856 1246 892 gloria
1269 861 1386 886 nostro
1412 852 1416 893 Ι
1443 857 1594 893 reptasti.

212 902 360 932 nitidum
381 906 569 939 consurgat
591 901 632 932 ad
656 901 793 932 aethera
818 901 917 932 tellus
943 898 946 939 Ι
976 901 1106 931 Eubois
1127 906 1157 931 et
1182 900 1326 939 pulchra
1349 905 1476 931 tumeat
1499 900 1594 932 Sebe—

212 946 288 978 thos
311 946 451 977 alumna
465 946 482 976 ³.
529 944 704 978 Sebethe:
734 946 788 977 the
815 946 945 979 Sebeto.
970 957 987 976 a
1011 945 1097 977 little
1121 951 1245 976 stream
1271 946 1381 976 which
1405 950 1517 976 enters
1541 945 1594 976 the

211 1002 267 1022 sea
288 995 322 1022 at
345 990 485 1030 Naples.

260 1035 407 1067 106-108.
435 1036 532 1074 Virg.
556 1036 631 1066 Ecl.
657 1047 686 1066 v.
710 1043 762 1074 45.
786 1035 873 1066 ‘tale
898 1041 994 1066 tuum
1017 1046 1152 1066 carmen
1179 1035 1287 1066 nobis.
1313 1035 1427 1066 divine
1452 1040 1560 1073 poeta.

211 1080 310 1119 quale
337 1091 439 1119 sopor
466 1081 566 1111 sessis
592 1081 626 1111 in
654 1080 820 1118 gramine,
845 1080 944 1117 quale
971 1091 1030 1118 per
1056 1086 1186 1111 aestum
1217 1076 1220 1104 Ι
1251 1079 1360 1111 dulcis
1387 1074 1493 1117 aquae
1519 1079 1595 1110 sali-

211 1131 286 1157 ente
311 1125 403 1157 sitim
429 1125 641 1163 restinguere
667 1125 741 1156 rivo
756 1125 774 1161 ’,
800 1125 867 1156 and
891 1125 1000 1163 81-84‚
1026 1125 1133 1163 ‘quae
1159 1125 1231 1160 tibi,
1257 1135 1342 1163 quae
1369 1124 1429 1155 tali
1455 1124 1594 1156 reddam

212 1181 276 1209 pro
295 1171 445 1201 carmine
469 1170 584 1201 dona?
611 1167 614 1209 Ι
641 1181 720 1201 nam
742 1180 850 1208 neque
873 1181 924 1201 me
948 1175 1080 1200 tantum
1105 1170 1273 1200 venientis
1296 1169 1417 1200 sibilus
1441 1169 1560 1200 Austri
1588 1168 1591 1175 '

211 1225 271 1246 nec
294 1225 457 1254 percussa
477 1215 598 1246 iuvant
622 1214 727 1246 fluctu
751 1219 818 1246 tam
841 1214 955 1249 litora,
978 1225 1038 1245 nec
1062 1225 1147 1253 quae
1175 1212 1178 1250 Ι
1207 1225 1345 1245 saxosas
1367 1215 1456 1245 inter
1479 1214 1596 1245 decur-

211 1265 292 1291 runt
318 1259 460 1291 flumina
486 1259 635 1297 valles';
664 1259 765 1296 Ovid,
792 1260 879 1291 Her.
906 1259 963 1290 vii.
995 1268 1055 1297 1-3.
1082 1259 1181 1290 ‘udis
1207 1259 1358 1290 abiectus
1384 1262 1418 1290 in
1444 1259 1559 1290 herbis
1587 1257 1591 1296 ἶ

211 1306 254 1338 ad
278 1307 367 1338 vada
391 1306 573 1338 Maeandri
594 1306 744 1337 concinit
768 1305 866 1337 albus
888 1305 1003 1341 olor';
1031 1306 1077 1337 M.
1101 1305 1181 1336 Ant.
1206 1305 1409 1340 Flaminius,
1432 1305 1596 1343 Hymnus

213 1352 247 1382 in
269 1351 376 1385 Pana.
399 1351 480 1382 ‘nee
504 1355 572 1382 tam
595 1350 693 1382 dulce
717 1355 816 1381 sonat
837 1350 962 1382 cadens
989 1344 993 1383 Ι
1023 1350 1090 1382 udo
1111 1350 1146 1381 in
1172 1350 1326 1389 gramine
1349 1360 1476 1388 cycnus
1489 1349 1508 1380 ².

261 1402 408 1432 109-113.
435 1394 533 1432 Virg.
556 1394 631 1425 Ecl.
654 1394 698 1424 ix.
722 1402 773 1430 30.
797 1393 865 1424 ‘sie
889 1398 948 1425 tua
971 1393 1123 1432 Cyrneas
1147 1393 1286 1431 fugiant
1308 1393 1466 1424 examina
1490 1398 1596 1424 taxos,

216 1436 220 1471 l
250 1438 296 1470 sic
320 1439 429 1477 cytiso
454 1443 570 1477 pastae
595 1438 794 1470 distendant
820 1438 923 1469 ubera
949 1448 1088 1469 vaccae:
1118 1436 1121 1474 Ι
1150 1438 1273 1476 incipe,
1299 1438 1326 1468 si
1353 1438 1435 1476 quid
1459 1437 1563 1468 habes
1578 1438 1595 1467 '.

212 1482 393 1521 Megaria:
418 1494 469 1522 cp.
494 1483 581 1514 Plin.
603 1484 648 1515 N.
670 1484 718 1515 H.
741 1483 789 1514 iii.
812 1483 863 1519 82,
886 1483 996 1514 ‘inter
1018 1482 1242 1521 Pausilypum
1265 1489 1296 1514 et
1320 1482 1503 1521 Neapolim
1528 1483 1596 1513 Me-

214 1528 349 1564 2aris‘:
383 1528 467 1560 Stat.
497 1528 582 1560 Silv.
614 1528 661 1559 iii.
693 1537 721 1563 2,
753 1527 794 1559 80
825 1528 1000 1566 ‘quaeque
1032 1528 1114 1559 ferit
1144 1539 1267 1559 curvos
1297 1533 1413 1558 exerta
1447 1527 1596 1562 Megalia

215 1572 368 1604 fluctus'.
412 1572 484 1604 The
508 1572 622 1604 island
644 1573 673 1604 is
696 1583 772 1604 now
795 1573 959 1607 occupied
981 1572 1026 1612 by
1050 1573 1104 1604 the
1127 1572 1239 1604 Castel
1264 1572 1342 1603 dell'
1367 1572 1451 1604 Ονο.
1498 1571 1595 1603 Mer-

212 1616 362 1658 gelline:
389 1617 444 1649 the
465 1617 527 1649 site
547 1617 587 1648 of
607 1617 832 1649 Sannazaro's
853 1617 947 1653 villa,
968 1623 1001 1648 at
1023 1617 1077 1649 the
1097 1622 1169 1648 east
1189 1617 1254 1648 end
1276 1617 1315 1648 of
1335 1617 1389 1648 the
1413 1617 1574 1653 Posilipo.

261 1671 409 1701 119-120.
435 1662 534 1701 Virg.
558 1663 633 1694 Ecl.
659 1662 702 1693 ix.
729 1662 781 1701 67,
805 1662 981 1693 ‘carmina
1006 1667 1076 1693 tum
1100 1662 1232 1698 melius
1257 1673 1333 1693 cum
1360 1662 1490 1693 venerit
1514 1662 1596 1700 ipse.

211 1718 372 1739 canemus
386 1707 404 1738 '.

261 1761 330 1783 122.
356 1751 576 1791 Prochytae:
603 1752 656 1783 the
676 1751 788 1783 island
809 1752 849 1783 of
869 1752 1025 1783 Procida.

262 1805 410 1835 1²3·¹24·
436 1796 497 1833 Cp.
523 1797 625 1831 Ovid.
654 1798 754 1828 Tristi
780 1797 828 1827 iii.
853 1805 882 1834 3.
909 1804 1016 1834 71-72,
1041 1797 1214 1834 ‘quosque
1239 1797 1331 1834 legat
1357 1807 1474 1827 versus
1499 1795 1597 1827 oculo

214 1847 419 1880 properante
445 1842 568 1877 viator,
597 1839 600 1878 Ι
630 1841 820 1879 grandibus
846 1842 879 1872 in
906 1841 995 1872 tituli
1023 1852 1192 1872 marmore
1216 1841 1316 1872 caede
1342 1841 1464 1871 notis’.

262 1886 331 1917 128.
357 1886 455 1925 Virg.
478 1886 564 1918 Aen.
589 1887 632 1917 iv.
658 1887 729 1925 569,
754 1886 827 1917 ‘eia
851 1897 924 1925 age.
949 1897 1068 1925 rumpe
1092 1886 1246 1923 moras’;
1273 1886 1346 1917 Ecl.
1373 1897 1402 1916 x.
1430 1891 1478 1924 75,
1503 1885 1583 1917 ‘sur

214 1941 334 1971 gamus
349 1931 367 1963 ’.
