1845 2752
229 112 273 147 72
558 107 694 137 :ICY'JI
719 105 938 136 SYNCERI
962 104 1276 136 SANNAZARII

227 222 309 267 Qui
332 222 516 257 miseram
542 227 623 256 tota
649 220 861 266 spoliatam
885 225 1015 254 mente
1042 218 1214 266 reliquit.

228 277 388 313 Volvite
412 277 670 324 praecipitem
693 276 778 323 jam
802 286 919 316 nunc,
944 287 1029 310 mea
1052 274 1157 319 licia,
1182 273 1404 310 rhombum.

283 333 490 370 Rhombus
512 333 562 368 ad
587 332 834 367 Haemonias
856 337 1062 367 revocetur
1085 341 1227 366 aeneus
1250 335 1365 374 artes,

227 390 372 426 Sistere
395 390 462 437 qui
484 388 654 436 pluvias.
679 388 747 435 qui
770 387 919 434 pellere
942 386 1080 422 nubila
1102 385 1223 430 caelo,

228 446 309 492 Qui
332 446 436 493 potis
459 451 513 480 est
538 443 714 491 trepidos
736 442 854 479 undis
878 442 1073 478 abducere
1097 442 1234 489 pisces.

226 503 387 540 Volvite
412 502 683 550 praecipitem,
708 512 796 537 mea
818 500 922 545 licia,
948 499 1097 536 volvite
1122 498 1345 535 rhombum.
1420 494 1565 541 Calin,
1584 499 1634 543 64»,
1652 504 1724 558 321

280 557 389 605 Alga
410 557 482 592 tibi
504 557 599 592 haec
619 556 793 603 primum
816 554 959 590 tumidi
982 554 1223 601 purgamina
1242 553 1355 601 ponti

226 613 439 661 Spargitur
463 619 499 648 et
523 611 675 659 rapidis
699 612 920 647 absumitur
944 610 1057 647 arida
1080 609 1273 656 flammis3

228 670 292 706 Sic
319 669 430 714 mihi,
459 669 526 713 sie,
559 668 717 713 Maeon,
746 668 874 703 uraris
902 666 1079 714 adusque
1106 665 1315 702 medullas.

228 725 388 761 Volvite
415 725 676 772 praecipitem
701 724 788 772 jam
812 734 930 768 nunc,
955 734 1044 759 mea
1069 722 1173 767 licia,
1202 721 1425 757 rhombum.
1561 719 1614 755 40

283 782 363 817 Ter
386 792 578 821 muscum,
607 780 816 824 Clearista‚
844 786 902 815 ter
927 779 1033 815 hunc
1059 779 1141 814 sine
1167 777 1323 825 forcipe
1349 787 1536 812 cancrum

230 840 311 876 Ure
333 839 451 875 simul
474 839 494 853 “
513 850 603 874 cum
621 837 723 886 ”que
745 836 765 851 “
784 837 844 872 his
863 836 883 851 ⁷'
907 836 972 872 dic
995 835 1015 850 ‘¹
1034 836 1186 871 viscera
1209 834 1394 871 Maeonis
1413 844 1485 869 uro
1503 832 1537 869 ''.

230 894 390 929 Volvite
415 893 686 941 praecipitem.
713 904 801 928 mea
823 892 926 932 licia,
954 891 1102 927 volvite
1129 890 1350 926 rhombum.

284 950 463 997 Spongia
486 960 592 985 1111110
618 948 793 984 lacrimis
817 946 1089 995 perfunditur.
1146 947 1260 982 Heus
1285 946 1388 981 bona
1413 955 1559 992 magno

230 1006 407 1054 Spongia
431 1013 523 1041 nata
548 1005 659 1043 mari.
686 1005 870 1040 lacrimas
893 1003 982 1039 bibe
1006 1002 1145 1039 sedula
1167 1008 1334 1045 nostras,

235 1063 366 1110 thue
394 1063 501 1108 rapis
528 1062 664 1096 sitiens
691 1060 782 1097 illas
808 1061 862 1095 sic
892 1060 1074 1095 Maeonis
1101 1070 1269 1102 omnem,

232 1118 414 1154 Maeonis
443 1118 601 1165 ingrati.
630 1117 762 1164 rapias
785 1116 836 1152 de
863 1122 1021 1163 pectore
1048 1125 1215 1151 sensum.

230 1174 391 1210 Volvite
415 1174 675 1221 praeeipitem
697 1173 783 1220 jam
804 1183 923 1213 nunc,
947 1183 1035 1207 mea
1057 1171 1161 1209 licia.
1187 1170 1409 1206 rhombum.

286 1233 343 1268 Ut
365 1244 524 1280 pumex,
550 1232 798 1279 pinguescat,
822 1236 866 1266 ut
890 1229 1072 1277 aequoris
1094 1227 1214 1273 unda,
1239 1227 1428 1276 quiescat,

232 1287 344 1333 Quae
369 1287 496 1322 ventis
522 1286 675 1333 agitata
699 1285 775 1320 huc
801 1284 899 1320 illuc
924 1284 1081 1319 concita
1106 1282 1246 1318 fertur.
1568 1280 1616 1317 50

231 1342 307 1379 Sed
331 1342 427 1390 quid
452 1354 523 1389 ego
547 1342 622 1377 heu
645 1342 749 1377 tristi
772 1345 909 1388 pectus
932 1350 1123 1375 concussa
1144 1339 1282 1375 dolore

233 1399 434 1446 Imprecer
459 1405 496 1434 et
521 1398 633 1433 vanis
657 1397 807 1445 jactem
833 1396 1014 1432 convicia
1039 1394 1194 1431 ventis?

233 1455 381 1491 Maeon
402 1460 461 1491 tot
484 1454 583 1490 mihi
606 1453 764 1498 damna,
789 1465 862 1501 ego
888 1452 1051 1488 Maeoni
1074 1451 1195 1487 verba
1216 1449 1461 1498 rependam?

231 1511 392 1547 Volvite
417 1511 689 1558 praecipitem,
715 1521 804 1545 mea
827 1509 931 1553 licia,
955 1507 1105 1544 volvite
1131 1506 1353 1543 rhombum.

286 1567 394 1606 Huc,
420 1567 508 1607 11110,
533 1566 601 1614 qui
624 1565 757 1613 rigida
778 1564 984 1601 meditaris
1006 1563 1175 1600 vulnera
1197 1561 1337 1602 cauda,

233 1623 355 1660 Saeve
379 1623 525 1670 trigon.
551 1628 587 1658 et
612 1628 655 1658 tu
680 1621 887 1669 proprium
913 1621 976 1656 0111
1001 1620 1135 1655 sistere
1159 1630 1281 1655 naves

233 1678 447 1716 Venferas.
473 1679 664 1716 echeneis.
692 1677 825 1713 adeste
849 1683 884 1713 et
912 1676 1095 1713 Maeonis
1120 1686 1228 1711 acres

232 1736 298 1771 Tu
322 1736 490 1770 retinere
515 1734 645 1782 pedes,
670 1739 713 1770 tu
737 1733 858 1782 figere
882 1732 1005 1769 corda
1027 1732 1177 1768 labora.

233 1791 394 1827 Volvite
418 1791 677 1838 praecipitem
700 1790 785 1837 jam
809 1800 926 1833 nunc.
951 1800 1039 1824 mea
1061 1788 1165 1833 licia,
1190 1786 1413 1823 rhombum.

287 1846 433 1883 Tunde
459 1846 573 1895 jecur
600 1857 861 1893 spumamque
888 1844 1006 1881 simul
1033 1843 1254 1891 torpedinis
1280 1848 1400 1878 atrae.
1567 1839 1619 1876 60

235 1903 350 1939 Haec
379 1915 449 1950 ego
481 1914 567 1938 cras
596 1902 658 1937 illi
687 1901 855 1937 lethalia
882 1900 1031 1949 pocula
1056 1900 1239 1946 mittam;

237 1959 384 1995 Ebibat
410 1966 445 1995 et
472 1958 601 1995 subito
626 1957 823 2005 pallentes
847 1962 1004 2004 torpeat
1028 1961 1147 1992 artus.

234 2016 395 2051 Volvite
425 2015 696 2062 praecipitem,
726 2026 812 2049 mea
841 2013 945 2053 licia,
974 2012 1123 2049 volvite
1152 2011 1375 2047 rhombum.

289 2071 433 2107 Scinde
455 2082 576 2106 manu
600 2070 800 2117 leporem;
826 2069 974 2116 leporis
998 2067 1244 2116 penetrabile
1267 2067 1386 2102 virus.

236 2127 428 2163 Nascitur
456 2127 549 2162 Eois
574 2127 637 2162 hic
661 2125 870 2171 fluctibus:
899 2125 1034 2161 attulit
1060 2123 1197 2172 Aegle,

238 2183 369 2220 Docta
393 2183 531 2230 Aegle.
558 2183 754 2230 jussitque
780 2181 986 2216 inimicum
1011 2187 1172 2227 tangere
1197 2178 1330 2214 limen.

239 2239 364 2275 Curre
389 2251 472 2286 age.
501 2245 620 2285 tange
646 2237 776 2277 simul,
804 2237 921 2273 simul
947 2236 1105 2281 obline3
1135 2246 1220 2272 cras
1244 2234 1344 2270 mihi
1369 2244 1519 2282 poenas

238 2294 418 2331 Perfidus
442 2295 509 2330 ille
532 2294 655 2333 dabit.
682 2299 810 2341 gemet
834 2294 922 2340 ipso
944 2293 984 2328 111
1009 2292 1146 2327 limine
1171 2291 1331 2327 Maeon.

235 2351 370 2388 Sistite
397 2351 657 2398 praeeipitem
683 2349 769 2396 jam
794 2360 912 2394 1111110,
938 2360 1027 2384 mea
1051 2348 1157 2392 licia,
1186 2346 1408 2383 rhombum.

292 2406 463 2443 Contere
489 2412 525 2442 et
552 2406 729 2454 alcyonis
754 2405 894 2441 nidum
918 2404 1042 2451 mihi;
1071 2403 1222 2452 pellere
1245 2408 1384 2439 ventos
1572 2401 1620 2438 70

239 2463 398 2499 Dicitur
422 2468 457 2499 et
481 2474 616 2498 saevas
640 2461 774 2510 pelagi
796 2460 970 2497 mulcere
994 2459 1203 2508 procellas.
