1757 2725
602 58 794 90 ECLOGA
824 59 896 93 Ill,
922 59 1117 90 MOPSUS
1499 60 1547 97 65

172 169 407 206 Bellovacos
438 170 695 218 Morinosque
723 176 759 205 et
794 174 912 217 (quos
939 171 1026 218 quis
1052 170 1182 206 (licere
1211 170 1380 217 possitP)

169 225 382 262 Tarbellos
399 238 417 271 :h
434 225 524 262 latis
547 237 676 262 errare
699 233 735 262 et
760 224 923 262 flumina
945 227 1107 273 campis,

172 280 318 317 Nescio
341 293 456 330 quein
484 281 656 328 Ligerim
682 282 794 317 tectis
818 294 856 317 se
881 282 1036 317 iiinasse
1058 282 1214 318 carinis.

169 337 246 374 Sed
272 350 358 374 inea
383 349 486 374 nunc
511 337 612 373 aliae
638 344 804 385 poscunt
829 337 900 372 sibi
927 344 1087 384 pectora
1112 349 1240 374 curae.

169 394 234 430 Tu
258 393 388 431 modo.
414 394 443 429 si
469 393 564 441 quid
591 393 710 428 habes
743 394 800 435 (et
827 398 862 428 te
887 405 1043 440 quoque
1071 393 1275 428 Chloridis
1302 393 1420 429 ardor

174 449 409 491 Excruciat)
443 449 606 496 scopulo
634 449 706 484 hoc
734 460 885 485 mecum
913 449 1104 484 meditare
1132 450 1314 484 vicissim.

170 505 316 542 Audiet
343 512 378 541 et
407 505 594 551 gracilem
621 512 822 552 percurret
854 505 1018 552 Mopsus
1045 505 1235 540 avenain'.
1501 507 1551 540 40

225 561 289 597 Sic
314 561 398 603 illi;
424 568 483 597 ast
506 573 580 608 ego
602 560 659 596 nil
683 566 832 600 contra,
857 560 923 596 sed
947 572 1046 608 quae
1070 561 1165 596 mihi
1191 561 1293 596 collo

171 617 347 653 (iarrula
369 617 565 664 pendebat
586 616 770 653 manibus
791 623 884 652 tunc
907 623 1064 663 sumpta
1087 617 1216 652 cicuta
1236 624 1303 652 est.

169 673 330 709 Scilicet
356 673 530 709 alternos
556 672 729 708 conabar
753 672 948 708 arundine
975 683 1109 709 versus

175 729 379 776 Excipere,
407 729 571 764 alternis
595 740 686 764 nani
713 727 843 764 dicere
867 735 1031 776 uterque
1059 728 1236 775 mirabar.

173 783 258 821 Nec
280 796 414 831 inora;
438 785 466 832 j:
484 797 522 820 m
546 784 731 821 Chromis
752 784 834 829 hos,
858 785 930 820 hos
950 791 987 820 et
1009 783 1206 820 referebat
1236 784 1350 820 [olas.

762 861 795 899 C
799 860 870 897 ltro
877 861 959 898 mis.

227 939 432 984 Nereides,
456 939 589 987 pelagi
611 951 766 976 sacrun]
790 951 925 987 genus,
949 946 1016 976 aut
1038 940 1135 975 mihi
1158 940 1296 976 vestris

172 996 344 1033 Munera
368 995 470 1032 ferte
493 996 606 1032 vadis
629 996 771 1032 duram
795 996 904 1044 queis
930 995 1127 1033 Chlorida
1152 995 1318 1043 placem.

170 1052 264 1097 Aut,
292 1053 323 1088 si
348 1052 578 1088 muneribus
604 1051 706 1088 flecti
733 1052 881 1100 nequit,
907 1063 1076 1100 aequore
1103 1057 1186 1088 toto

171 1108 360 1155 Quaerite
385 1120 486 1157 quae
510 1114 690 1144 nostrum
715 1115 825 1144 sanet
850 1107 1050 1144 medicina
1077 1107 1265 1144 furorem.

798 1195 922 1234 [olas.
974 1237 979 1241 ,

225 1273 393 1319 Sirene&
418 1286 506 1310 mea
530 1285 636 1319 cura,
662 1273 797 1310 audite
821 1274 918 1310 haec
942 1274 1085 1310 ultima
1109 1280 1212 1310 vota.
1505 1274 1553 1311 50

170 1329 253 1366 Aut
274 1336 430 1366 revocet
453 1329 538 1377 jam
564 1329 665 1366 Nisa
688 1342 802 1366 suurn
823 1342 894 1366 nec
917 1336 1078 1377 spernat
1106 1329 1246 1369 Iolani,

171 1386 253 1423 Aut
276 1386 409 1423 videat
434 1387 692 1433 morientem3
719 1386 816 1422 haec
841 1398 937 1422 saxa
962 1385 1135 1433 impulsa
1156 1387 1320 1422 marinis

174 1442 393 1487 Fluctibus,
415 1443 512 1479 haec
533 1443 676 1479 misero
698 1442 790 1479 vilis
810 1442 922 1478 dabit
943 1441 1034 1490 alga
1058 1441 1296 1489 sepulcrum.

763 1531 960 1569 Chromis.

227 1599 370 1646 Qualis
393 1599 612 1648 tranquillo
636 1612 736 1648 quae
760 1599 908 1636 labitur
931 1611 1100 1647 aequore
1123 1599 1275 1647 cymba,

172 1654 274 1692 Cum
302 1655 492 1703 Zephyris
520 1667 695 1692 summae
722 1656 949 1703 crispantur
976 1655 1117 1691 leniter
1144 1654 1286 1695 undae,

171 1711 280 1748 Tuta
302 1711 412 1748 volat
436 1711 616 1760 luditque
641 1711 781 1747 hilaris
803 1723 871 1759 per
895 1717 1069 1747 transtra
1091 1711 1292 1759 juventus⁷

151 1767 286 1804 'Talis
309 1768 392 1804 vita
414 1767 524 1811 mihi,
549 1780 635 1804 mea
658 1767 754 1804 durn
776 1780 837 1804 me
863 1767 1023 1804 Chloris
1047 1767 1218 1804 amabat.

799 1856 922 1893 [olas.

227 1923 386 1971 Aspicis
412 1924 534 1960 iratae
562 1923 711 1959 feriant
737 1929 780 1960 ut
805 1935 901 1959 saxa
926 1922 1137 1971 procellae,

174 1979 231 2016 Ut
256 1979 403 2016 validis
430 1980 529 2016 imae
557 1979 673 2016 Coris
699 1979 908 2016 turbentur
935 1979 1133 2014 harenae?

171 2035 263 2083 Jarn
289 2035 464 2083 scopulis
492 2034 592 2072 furit
618 2034 736 2077 unda,
765 2035 898 2071 tremit
924 2035 1008 2082 jam
1035 2041 1141 2070 terra
1166 2034 1364 2079 tu1nultu3
1503 2034 1553 2069 60

177 2090 325 2135 Fallor,
351 2103 400 2127 an
426 2091 522 2127 haec
546 2091 633 2139 ipsa
655 2096 711 2127 est
740 2090 862 2127 Nisae
888 2090 1136 2138 indignantis
1162 2090 1321 2137 imago?

765 2178 961 2216 Chromis.

229 2246 265 2284 O
292 2247 449 2291 Proteu,
472 2252 608 2294 pastor
631 2245 774 2294 liquidi
797 2245 928 2289 maris,
951 2257 972 2282 o
998 2251 1120 2293 pater,
1145 2258 1166 2281 o
1190 2257 1268 2285 rex,

182 2302 543 2351 (Quandoquidem
566 2303 725 2338 insanos
748 2301 898 2343 odistis,
922 2302 1099 2340 numina,
1124 2300 1272 2347 fastus)

175 2358 332 2406 Quaere
356 2358 586 2395 Pithecusas
608 2364 662 2398 tu,
685 2358 746 2394 cui
769 2357 873 2397 licet,
897 2363 1014 2405 atque
1035 2357 1226 2404 superbae

177 2414 254 2461 Dic
279 2412 438 2466 ‚Hyalae
461 2414 609 2460 salsum
632 2420 668 2452 te
692 2424 851 2467 pascere
873 2417 1051 2457 monstra
1074 2424 1142 2462 per
1166 2424 1323 2469 aequor.
