1757 2725
644 82 834 114 ECLOGA
864 81 927 117 ll',
952 81 1180 115 I’ROTEUS
1551 83 1599 120 69

219 195 436 233 Aenariam
464 196 766 244 Prochytenque
792 196 885 231 altis
912 196 1117 231 immiserit
1144 195 1260 231 astris

219 252 279 288 Ac
304 259 430 289 totum
455 252 585 289 subito
609 251 762 288 caelum
788 250 1054 287 tremefecerit
1079 251 1183 297 ictu3

219 308 326 344 'sum
352 307 466 344 Pater
490 307 596 344 haud
617 308 728 356 segni
749 307 912 343 molitus
936 306 1111 343 fulmina
1131 306 1273 342 dextra

223 364 421 400 Immanes
441 364 543 400 acies
564 363 756 412 dejecerit
776 370 894 411 atque
916 370 1123 410 tropaeum

217 419 388 468 Jusserit
413 419 596 456 ardentes
620 419 756 455 testari
780 418 972 466 sulphure
999 418 1135 466 Bajas,

221 475 340 522 Quod
370 486 466 524 gens
493 476 599 511 victa
628 475 708 511 illis
736 474 897 511 lavisset
925 474 1092 510 vulnera
1120 474 1305 522 lymphis.
1551 475 1602 510 40

276 531 387 567 Hinc
411 532 548 579 magni
573 530 742 567 Alcidae
767 538 901 567 tauros
926 537 1172 578 stratumque
1198 529 1449 577 profundum

218 587 447 635 Aggeribus
468 593 661 623 memorat
685 586 925 634 ductamque
948 597 1017 634 per
1040 585 1194 633 oppida
1216 596 1416 633 pompam.

275 642 355 679 His
375 650 525 679 veteres
545 642 659 679 addit
681 641 841 688 Cumas,
864 641 953 679 loca
972 642 1135 690 cognita
1157 641 1330 686 Phoebo,

221 699 335 735 Vatis
359 706 396 735 et
421 698 642 736 horrendae
666 698 777 734 lucos
800 698 1042 746 Triviaeque
1067 709 1240 734 recessus

221 755 559 803 Cimmeriumque
579 754 718 791 domos
740 760 777 790 et
799 765 926 802 opaca
946 754 985 789 in
1007 753 1182 792 vallibus
1203 760 1329 790 antra.

275 811 335 847 'l‘e
357 822 515 859 quoque
539 809 739 847 formosae
763 817 926 857 captum
951 809 1124 846 Nesidos
1147 820 1292 854 amore,

183 897 190 903 .
222 866 448 914 PausHype,
478 867 578 903 irato
607 865 824 913 compellat
852 865 900 902 ab
929 877 1098 913 aequore
1125 872 1277 913 questu.

220 922 284 958 Ah
308 923 438 967 miser,
463 922 513 958 ah
537 922 641 958 male
665 928 790 967 caute,
817 928 906 958 tuae
931 921 1027 969 quid
1053 920 1141 957 fata
1164 921 1322 969 puellae

220 978 458 1014 Acceleras?
513 977 636 1026 Cupit
661 978 703 1013 in
725 977 878 1014 medios
901 977 1068 1014 evadere
1092 976 1236 1013 fluctus

222 1032 388 1079 Infelix,
414 1034 526 1081 cupit
550 1034 749 1070 insuetum
773 1033 888 1070 finire
913 1033 1105 1070 dolorem.
1399 1076 1403 1080 Ι
1555 1034 1603 1068 50

219 1089 274 1126 At
296 1089 368 1126 tibi
390 1101 462 1126 nec
483 1101 602 1126 curae
621 1096 678 1126 est
700 1089 808 1138 quod
829 1101 915 1126 eam
940 1089 1150 1137 Neptunia
1170 1093 1349 1126 monstra

220 1145 502 1191 Circumstent,
525 1157 634 1182 mare
656 1157 728 1181 nec
751 1145 892 1193 rapido
914 1145 1021 1194 quod
1043 1145 1200 1182 sorbeat
1223 1151 1344 1181 aestu.

219 1201 285 1238 Ah
305 1202 436 1247 miser,
459 1201 510 1238 ah
531 1201 636 1238 male
660 1207 785 1247 caute,
810 1201 918 1238 ultra
939 1201 1036 1250 quid
1059 1201 1249 1237 bracchia
1268 1200 1426 1237 tendis?

220 1257 322 1295 Siste
346 1257 540 1306 gradum;
565 1258 667 1306 riget
691 1257 764 1293 illa
785 1257 896 1306 jugis
918 1264 1075 1294 assueta
1096 1257 1244 1294 nivosis

220 1313 427 1359 Venatrix,
455 1325 575 1362 quam
597 1313 710 1350 mille
736 1313 845 1350 ferae
871 1314 1038 1350 timuere
1062 1319 1291 1362 sequentem

221 1369 297 1406 Per
321 1369 457 1406 saltus.
511 1370 594 1407 Vos
616 1369 732 1415 hanc,
760 1370 934 1417 Panope,
959 1381 1041 1415 vos,
1066 1369 1242 1406 candida
1266 1369 1420 1417 Drymo

221 1424 521 1474 Cymothoeque
547 1425 741 1474 Rhoeque
766 1425 1021 1473 Pherusaque
1051 1424 1364 1473 Dinameneque,

219 1481 404 1530 Accipite
428 1488 465 1518 et
489 1482 631 1518 vestris
653 1482 801 1518 sociam
826 1481 993 1518 lustrate
1018 1481 1183 1518 choreis.
1222 1484 1439 1527 onst-,22⁴9
1481 1497 1668 1544 ruva-9...-

274 1537 383 1574 Turn
405 1538 513 1574 canit
535 1537 720 1586 antiquas
742 1536 854 1574 sedes
875 1537 1147 1585 opulentaque
1171 1548 1296 1586 regna
1365 1533 1586 1600 I-,k.„.3-..
1626 1533 1743 1585 ciam}

219 1593 459 1630 Auricomae
484 1592 634 1631 Sirenis
659 1599 697 1630 et
721 1593 849 1630 altum
874 1594 916 1629 in
939 1599 1073 1630 monte
1099 1593 1339 1641 sepulcrum,
1553 1591 1604 1629 60

219 1648 420 1698 Sacraque
446 1648 782 1698 Chalcidicosque
805 1648 899 1686 deos
922 1649 1158 1698 magnisque
1182 1660 1252 1696 per
1277 1660 1424 1697 aequor

218 1705 422 1753 Auspiciis
445 1711 578 1742 vectas
601 1705 699 1742 haec
723 1706 812 1753 ipsa
833 1705 885 1742 ad
908 1705 1028 1743 litora
1052 1705 1208 1742 classes.

274 1761 383 1798 Turn
407 1761 582 1810 liquidos
607 1761 742 1799 fontes
766 1761 900 1798 subter
925 1772 1025 1798 cava
1046 1761 1206 1799 moenia
1229 1760 1341 1798 ducit

218 1817 464 1866 Attollitque
486 1828 596 1855 arces
618 1824 656 1854 et
677 1817 854 1854 culmina
875 1817 1079 1855 montibus
1100 1823 1244 1866 aequat

220 1873 450 1919 Tectorum,
473 1879 606 1910 vastas
627 1873 834 1922 protendit
856 1874 898 1909 in
921 1885 1095 1922 aequora
1116 1873 1241 1911 moles

223 1929 525 1978 Euploeamque
549 1929 691 1978 procul
715 1929 882 1978 trepidis
906 1929 976 1966 dat
1000 1941 1159 1966 cernere
1182 1929 1314 1966 nautis

219 1985 352 2034 Atque
376 1985 562 2033 Phar0n3
586 1985 727 2034 jungit
749 1985 934 2033 scopulos
958 1991 1255 2034 praeruptaque
1277 1996 1373 2021 saxa

220 2041 443 2078 Teleboum
466 2040 662 2090 Sarnique
685 2052 819 2078 amnes
843 2047 880 2078 et
903 2041 1072 2090 pinguia
1094 2041 1214 2077 culta.

275 2097 383 2134 Tum
402 2097 510 2134 canit
527 2103 572 2134 ut
592 2096 810 2145 Corydona
829 2108 941 2134 sacro
963 2097 1180 2133 Melisaeus
1201 2097 1242 2132 in
1262 2102 1378 2133 antro

221 2152 379 2190 Viderit
406 2159 444 2190 et
471 2153 646 2191 calamos
674 2153 797 2190 labris
823 2152 1045 2190 admoverit
1072 2152 1205 2189 audax
1556 2152 1603 2188 70

223 2207 458 2246 Formosum
479 2209 622 2258 quibus
644 2208 714 2246 ille
735 2209 831 2247 olim
853 2215 1035 2245 cantarat
1058 2208 1217 2253 Alexin,

180 2294 182 2296 ,
222 2263 392 2301 Dixerat
415 2270 453 2301 et
477 2276 630 2301 musam
658 2265 853 2302 Damonis
877 2271 915 2301 et
939 2264 1212 2312 Alphesiboei,

222 2319 346 2367 Queis
370 2319 511 2365 fretus,
535 2320 712 2357 dictante
739 2320 837 2366 Dea,
862 2326 921 2357 tot
944 2320 1075 2357 sidera
1097 2320 1212 2357 nobis

223 2375 463 2421 Prodiderit‚
494 2382 626 2413 tantas
653 2376 753 2413 caeli
781 2375 1019 2424 patefecerit
1046 2387 1146 2413 oras.

277 2431 387 2479 Quid
413 2431 587 2468 referam
613 2438 681 2468 aut
708 2431 866 2469 Stabias
893 2438 962 2468 aut
988 2443 1089 2480 quae
1117 2432 1289 2468 tenuisse
1314 2430 1471 2467 canoris
