1845 2752
212 145 259 181 58
543 141 681 174 ACTJJ
704 142 925 173 SYNCERI
947 141 1265 175 SANNAZARJI

213 256 266 292 Et
292 267 397 292 nunc
422 256 498 293 heu
522 256 621 292 viles
647 256 764 293 hamo
791 256 865 293 sibi
890 264 1096 305 quaereret
1121 268 1228 293 escas

211 312 292 348 Aut
319 313 427 348 tenui
451 312 602 348 laceras
628 312 791 348 sarciret
816 313 964 349 vimine
989 313 1151 349 nassas?

211 368 288 404 Sed
311 374 365 413 tu,
389 369 421 404 si
442 368 537 417 quid
562 368 681 404 habes
704 374 856 404 veteres
877 369 983 417 quod
1007 369 1143 417 lugeat
1167 370 1289 417 ignes,

212 424 332 471 Quod
358 436 494 460 manes
520 425 747 473 cineresque
773 424 843 461 diu
868 431 1032 461 testetur
1059 432 1222 471 amatOS,
1545 427 1595 463 30

215 481 363 528 Incipe,
389 480 715 529 quandoquidem
738 480 880 517 molles
905 481 976 517 tibi
1001 481 1096 518 litus
1119 482 1288 518 harenas

211 537 361 573 Sternit
390 543 426 573 et
456 537 585 572 insani
614 543 831 584 posuerunt
859 549 1066 574 murmura
1092 537 1246 574 fluctus.

810 637 994 684 Lycidas.

270 717 398 753 Immo
422 716 517 752 haec
541 728 640 764 quae
665 717 788 752 cineri
811 728 937 764 nuper
962 723 1177 764 properata
1199 717 1391 765 parabam

213 773 414 815 Carmina,
443 772 491 808 ab
518 779 694 809 extremo
721 784 811 808 cum
835 773 921 820 jam
945 784 1044 809 cava
1068 773 1189 809 litora
1212 777 1332 821 portu

214 829 485 876 Prospicerem
513 835 549 864 et
575 829 680 864 nivei
707 840 915 864 venerarer
943 840 1038 865 saxa
1065 829 1250 877 sepulcri,

214 884 410 932 Incipiam
429 897 435 925 ;
461 892 504 920 tu
525 884 726 920 coniferas
748 884 798 920 ad
820 884 937 921 busta
958 896 1165 932 cupressus

212 942 364 988 Sparge
387 953 507 976 manu
531 947 567 976 et
592 941 710 976 viridi
733 941 933 977 tumulum
955 953 1071 989 super
1097 942 1228 990 intege
1250 948 1390 990 myrto.

821 1040 985 1086 M'ycon.

268 1118 332 1153 En
354 1118 427 1154 tibi
448 1118 620 1154 caerulei
641 1130 822 1154 muscum
844 1119 1038 1166 aequoris,
1061 1131 1108 1154 en
1130 1118 1203 1155 tibi
1225 1118 1396 1155 conchas

213 1174 451 1222 Purpureas,
476 1186 548 1210 1166
569 1186 649 1211 11011
674 1180 757 1211 toto
781 1175 959 1223 quaesita
983 1173 1188 1222 profundo

214 1230 265 1266 Et
289 1231 356 1266 vix
380 1242 427 1266 ex
451 1231 541 1266 imis
564 1230 702 1266 evulsa
723 1230 892 1267 corallia
915 1231 1020 1267 saxis
1545 1231 1597 1267 40

211 1285 454 1333 Afferimus,
481 1293 523 1323 tu
546 1286 758 1322 sollemnes
782 1298 887 1322 nunc
911 1287 1041 1334 incipe
1064 1293 1215 1323 cantus.

215 1343 364 1390 Incipe,
391 1343 486 1378 dum
512 1343 563 1379 ad
589 1343 712 1379 solem
739 1343 921 1390 Bajanus
946 1344 1046 1379 retia
1074 1343 1230 1379 Milcon

214 1399 405 1446 Explicat
431 1405 467 1434 et
493 1398 676 1434 madidos
702 1399 906 1446 componit
932 1399 973 1434 in
996 1399 1089 1435 orbe
1114 1398 1312 1435 rudentes.

810 1490 842 1525 L
847 1488 995 1536 ycidas.

267 1567 378 1613 Quos
399 1567 497 1602 mihi
520 1579 637 1613 nunc,
664 1567 803 1612 Divae,
827 1567 1024 1614 scopulos,
1047 1579 1147 1615 quae
1167 1567 1344 1614 panditis
1367 1573 1494 1612 antra,

214 1623 435 1659 Nereides?
462 1636 559 1672 quas
585 1630 626 1660 tu
652 1625 791 1660 secreti
815 1624 945 1660 litoris
970 1624 1123 1669 herbas,

214 1679 367 1715 Glauce
392 1686 517 1727 pater,
542 1692 642 1728 quae
666 1679 937 1716 monstriferis
960 1680 1059 1716 mihi
1082 1680 1266 1728 gramina
1289 1680 1392 1716 sucis

212 1735 412 1773 Ostendes
431 1748 548 1781 1111116,
573 1736 739 1782 Glauce,
761 1736 905 1784 quibus
925 1736 1068 1772 tellure
1090 1736 1241 1781 relicta,

212 1792 277 1827 Ah
303 1793 433 1835 miser,
461 1798 498 1828 et
525 1792 670 1840 liquidi
697 1792 830 1828 factus
856 1804 983 1829 novus
1010 1792 1143 1828 incola
1169 1792 1282 1840 ponti

212 1849 272 1884 'l‘e
297 1860 437 1896 sequar
461 1849 502 1884 in
524 1848 675 1884 medios
699 1855 853 1885 mutato
879 1860 1045 1896 corpore
1067 1847 1209 1884 fluctus

214 1904 266 1940 Et
296 1904 592 1941 feriam-bifida
619 1906 848 1952 spumant-ia
872 1917 1073 1941 marmora
1100 1904 1254 1940 cauda?
1549 1904 1598 1941 50

215 1960 323 1996 Nam
343 1961 439 2009 quid
462 1973 537 2009 ego
555 1961 633 1997 heu
653 1961 748 1997 solis
768 1962 893 1997 vitam
913 1961 996 1998 sine
1020 1960 1206 2008 Phyllide
1228 1961 1342 1996 terris

215 2016 414 2064 Exoptem
440 2017 586 2052 miser?
639 2024 707 2053 aut
735 2017 928 2065 quidnam
954 2023 1071 2064 rapta
1095 2017 1194 2052 mihi
1221 2017 1308 2052 luce

216 2072 344 2108 Dulce
368 2073 531 2120 putem?
584 2073 730 2121 quidve
755 2073 819 2109 hic
845 2073 1025 2120 sperem?
1077 2072 1173 2121 quid
1199 2072 1285 2121 jam
1308 2084 1438 2108 morer
1462 2071 1572 2108 ultra

215 2128 396 2165 Infelix?
445 2141 497 2165 an
518 2135 561 2165 ut
584 2129 657 2165 hac
680 2129 751 2165 vili
773 2129 979 2177 projectus
1001 2129 1042 2164 in
1065 2128 1159 2177 alga

212 2185 381 2221 Arentes
408 2191 564 2222 tantum
590 2185 757 2221 frutices
781 2185 1015 2233 desertaque
1041 2197 1201 2221 cernam

212 2240 350 2277 Litora
371 2248 407 2277 et
430 2242 591 2289 ingrato
611 2241 759 2288 jactem
781 2254 868 2277 mea
889 2242 1011 2277 verba
1031 2241 1241 2288 sepulcro?

213 2297 373 2333 Scilicet
398 2298 470 2334 hos
494 2298 704 2343 thalamos,
733 2298 803 2333 hos
829 2297 967 2333 felices
993 2297 1232 2345 hymenaeos

213 2355 526 2392 Concelebrem?
585 2356 640 2391 sic
663 2360 845 2403 speratae
868 2355 967 2391 mihi
994 2354 1143 2403 gaudia
1166 2353 1306 2390 taedae

216 2409 295 2446 Dat
322 2410 483 2446 Venus?
536 2410 744 2457 ambiguos
769 2410 825 2445 sic
849 2409 918 2445 dat
946 2409 1099 2445 Lucina
1123 2409 1310 2445 timores?

213 2466 314 2512 Quis
340 2466 450 2511 mihi,
478 2466 567 2514 quis
593 2472 669 2502 tete
695 2466 841 2513 rapuit,
870 2465 1104 2501 dulcissima
1130 2464 1276 2512 Phylli,
1545 2463 1597 2499 60

215 2522 350 2570 Phylli
372 2534 481 2558 meae
507 2521 711 2570 quondam
736 2522 890 2569 requies
912 2533 1079 2569 spesque
1101 2521 1222 2557 unica
1243 2521 1361 2567 vitae,
