1747 2620
551 332 782 372 ECLOGA
814 335 843 377 Ι,
872 333 1133 373 PHl'LLlS.

625 446 822 483 chmAs.
881 446 1055 483 Mrcox.

747 557 931 605 Lycidas,

206 637 398 683 Mirabar,
423 637 567 681 vicina,
596 636 756 684 Mycon,
782 648 851 684 per
876 636 995 672 litora
1016 647 1142 683 nuper

152 692 260 730 Dum
283 705 407 741 vagor
427 698 691 741 exspectoque
716 693 820 728 leves
843 692 893 729 ad
917 692 1067 740 pabula
1089 692 1273 740 thynum,

149 749 260 797 Quid
282 756 437 786 tantum
458 750 634 785 insuetus
655 755 847 796 streperet
868 748 966 784 mihi
988 759 1130 785 corvus
1151 755 1187 784 et
1208 747 1310 784 udae

151 805 226 842 Per
249 805 435 853 scopulos
460 805 606 853 passim
632 804 783 841 fulicae
806 816 953 853 perque
978 810 1095 840 antra
1118 810 1298 851 repostae

148 861 302 898 Tristia
322 860 522 898 flebilibus
544 861 791 908 complerent
815 872 912 896 saxa
935 860 1118 909 quereliS,
1144 858 1147 861 ’

149 918 253 955 Cum
274 917 361 966 jam
381 928 453 953 nec
473 928 617 954 curvus
639 917 808 953 resiliret
831 917 879 953 ab
901 928 1070 965 aequore
1091 916 1258 964 delphin

149 972 237 1010 Nec
260 973 399 1010 solitos
420 973 469 1009 de
491 985 600 1010 more
623 973 764 1010 choros
788 972 994 1009 induceret
1016 972 1146 1010 undis.

150 1029 254 1066 Ecce
276 1029 362 1066 dies
386 1029 524 1066 aderat
548 1041 680 1065 caram
704 1041 784 1078 qua
808 1028 998 1077 Phyllida
1021 1036 1148 1065 terrae

148 1085 415 1123 Condidimus
444 1085 679 1134 tumuloque
708 1086 795 1134 pias
824 1084 1056 1123 deflevimus
1083 1085 1256 1130 umbras,

146 1141 212 1178 Ah
236 1142 369 1178 miseri
384 1153 393 1189 3
422 1148 460 1178 et
486 1141 654 1190 posthac
678 1153 751 1177 nec
775 1141 906 1178 tristes
932 1141 1151 1190 linquimus
1177 1152 1293 1177 auras

149 1196 187 1233 N
193 1208 236 1234 ec
257 1197 416 1234 dubitat
437 1209 577 1234 saevus
598 1197 742 1234 solatia
764 1196 871 1233 ferre
895 1196 1098 1245 Pylemon.

755 1286 920 1334 Mycon.

202 1363 363 1402 Scilicet
386 1364 427 1401 id
450 1364 583 1401 fuerat
606 1371 691 1401 tota
711 1364 819 1413 quod
841 1371 956 1401 nocte
979 1364 1143 1412 vaganti

148 1420 244 1457 Huc
265 1420 375 1466 illuc,
397 1420 493 1457 dum
518 1420 724 1468 Pausilypi
748 1420 852 1457 latus
873 1432 990 1457 omne
1011 1432 1172 1468 pererro

148 1476 426 1525 piscosamque
450 1477 539 1525 lego
565 1476 683 1512 celeri
707 1476 862 1513 Nesida
884 1476 1061 1524 phaselo,

148 1531 296 1570 Nescio
316 1533 413 1581 quid
435 1532 592 1581 queruli
616 1539 816 1581 gemerent
838 1532 1086 1568 lacrimabile
1108 1533 1245 1580 mergi.

149 1588 304 1637 Phyllis
325 1588 376 1625 ad
399 1588 578 1633 inferias,
604 1588 758 1637 Phyllis
788 1588 841 1636 (si
862 1588 1080 1636 credimus)
1112 1588 1204 1624 illos

147 1644 212 1681 Ad
235 1645 438 1693 gemitum,
463 1657 484 1682 ο
509 1644 671 1693 Lycida,
696 1644 918 1693 tumulique
941 1644 991 1681 ad
1015 1656 1127 1681 sacra
1147 1644 1326 1681 vocabat.

743 1733 927 1780 Lycidas.

204 1811 330 1858 Eheu,
357 1823 446 1849 care
475 1812 635 1861 Mycon,
661 1812 792 1861 qualis
817 1812 1049 1860 spectacula
1074 1823 1243 1860 pompae

153 1867 298 1917 (Nunc
320 1868 474 1917 recolo)
505 1880 604 1917 quas
626 1869 709 1916 ipse
732 1879 872 1904 manus
895 1880 1045 1917 quaeve
1068 1880 1138 1905 ora
1160 1868 1295 1904 notavi

146 1924 226 1961 His
251 1924 402 1972 oculi53
430 1925 503 1970 his,
531 1926 706 1973 inquam,
732 1924 862 1961 oculis
884 1936 985 1973 quae
1012 1923 1157 1960 funera
1181 1923 1263 1960 vidi

148 1979 327 2028 Infelix;
355 1992 427 2017 nec
451 1993 514 2017 me
540 1981 701 2017 tandem
727 1981 844 2017 dolor
870 1980 1074 2028 improbus
1100 1981 1181 2028 egit

149 2037 197 2073 In
220 2037 418 2084 scopulos,
443 2037 484 2072 in
508 2048 615 2083 saxa,
639 2048 786 2084 rogove
809 2037 1031 2085 absumpsit
1055 2036 1194 2073 eodem

149 2092 275 2141 Ignea
296 2093 365 2138 vis,
391 2092 454 2128 vel
477 2092 617 2129 saltem
640 2093 785 2141 aliquis
808 2092 906 2128 deus
929 2104 1098 2141 aequore
1120 2092 1267 2128 mersit.

751 2182 916 2229 Mycon.

202 2260 238 2298 O
262 2259 425 2308 Lycida,
448 2260 611 2308 Lycida,
633 2272 765 2297 nonne
787 2260 861 2297 hoc
884 2259 1043 2296 felicius
1066 2259 1126 2295 illi

149 2315 339 2352 Evenisse
363 2322 480 2365 putas
504 2328 624 2364 quam
648 2317 679 2352 si
705 2315 863 2352 fumosa
891 2316 1062 2364 Lycotae

148 2371 278 2408 Antra
304 2372 368 2408 vel
395 2372 538 2408 hirsuti
566 2378 736 2420 tegetem
761 2372 943 2408 subiisset
971 2372 1181 2420 Amyntae,

1359 2432 1400 2465 57

1486 1141 1531 1176 10

1480 1925 1528 1959 20
