1757 2725
399 73 591 105 ECLOGA
625 73 662 109 Γ,
689 72 941 103 llERl’i'le
967 71 1402 104 l¹ll.‹1R.¹l.›1CEU‘l·l<l.1
1547 75 1594 111 73

218 186 400 223 Forsitan
424 187 486 223 hic
512 194 666 223 nostros
689 186 841 223 sedabit
868 187 1037 234 pectoris
1063 193 1203 222 aestus.

213 243 348 280 Sistite
372 243 642 291 praecipitem.
666 243 751 290 jam
776 242 911 280 sistite.
937 242 1041 286 licia,
1067 242 1276 278 rhombum
1295 241 1316 277 '.

271 298 479 335 Hactenus
504 298 595 343 ille:
622 298 718 347 quid
744 298 835 334 hinc
861 298 1114 346 subjunxerit
1140 297 1278 334 ordine
1306 297 1493 346 Thelgon

213 355 387 402 Accipe:
413 366 491 391 non
515 366 650 391 omnes
673 365 776 390 unus
797 353 914 390 dolor
936 354 1048 401 angit
1072 361 1261 390 amantes.

807 441 1004 490 Thelgon.

270 520 386 568 Rupe
412 520 484 557 sub
510 520 584 556 hac
611 531 764 556 mecum
792 519 893 555 sedit
923 519 1117 566 Galatea3
1146 518 1331 555 videbam

216 576 269 613 Et
298 577 474 624 Capreas
500 583 537 612 et
564 587 664 624 quae
693 575 876 612 Sirenum
904 575 1067 612 nomina
1093 582 1252 611 servant

216 633 328 669 Rura
352 632 518 680 procul,
547 639 697 668 veteres
724 631 804 668 alia
829 631 878 667 de
905 638 1018 679 parte
1043 631 1178 667 ruinas

216 688 407 725 Herculis
432 688 616 724 ambusta
640 687 824 736 signabat
851 687 899 724 ab
926 698 1015 723 arce
1041 687 1227 722 Vesevus.

216 744 365 780 Exsere
391 744 606 788 caeruleos,
634 743 792 788 Triton,
819 743 868 779 de
896 743 1053 791 gurgite
1080 742 1226 780 vultus.
1547 743 1598 778 80

272 800 362 848 Ipse
382 811 501 844 meas
525 800 683 837 Triton.
710 799 844 836 Nereo
864 797 1023 835 deferre
1045 798 1238 847 querelas,

218 857 309 904 lpse
333 863 446 904 potes
472 867 595 892 curva
620 867 808 892 resonans
835 867 953 903 super
979 866 1153 903 aequora
1179 854 1331 890 concha

218 912 269 948 Et
294 912 470 960 scopulis
494 923 656 948 narrare
682 918 719 948 et
742 909 968 959 fluctivagis
993 910 1200 947 ballaenis.

218 968 365 1004 Exsere
390 967 603 1009 caeruleos,
633 968 777 1004 Triton
804 973 928 1015 pater,
955 978 1088 1003 exsere
1112 967 1259 1003 vultus.

272 1024 354 1060 Hic
374 1025 523 1072 primos
545 1023 642 1059 mihi
664 1034 900 1071 congressus
920 1022 1031 1059 dedit
1053 1022 1125 1059 illa
1144 1023 1315 1070 roganti,

218 1080 298 1116 Hic
321 1081 477 1116 niveam
502 1079 680 1116 formosa
702 1091 864 1116 manum
890 1079 1067 1127 porrexit
1091 1086 1128 1115 et
1159 1079 1290 1126 (eheu.

216 1135 326 1183 Quid
348 1135 527 1183 recolo?)
559 1136 701 1172 tacitos
723 1136 764 1172 in
784 1148 846 1172 me
868 1134 1009 1172 defixit
1031 1134 1191 1171 ocellos

220 1192 366 1228 Exsere
392 1191 606 1236 caeruleos,
634 1192 792 1237 Triton,
820 1191 869 1228 de
897 1191 1055 1240 gurgite
1081 1190 1227 1227 vultus.

272 1248 367 1284 Huc
392 1247 497 1293 ades,
522 1260 544 1285 ο
568 1259 657 1284 mea
680 1258 786 1293 cura,
812 1247 921 1296 quid,
947 1259 969 1284 o
992 1246 1089 1296 quid
1114 1246 1223 1283 lenta
1247 1246 1441 1283 moraris?

219 1304 309 1352 Ipse
335 1315 407 1352 ego
434 1310 471 1340 te
496 1310 661 1352 propter
686 1303 812 1340 socios
839 1303 1098 1351 cymbamque
1125 1303 1281 1345 reliqui.
1548 1302 1600 1338 90

218 1359 367 1396 Exsere
391 1359 605 1405 caeruleos,
631 1360 779 1397 Triton
803 1366 928 1408 pater,
955 1371 1088 1395 exsere
1113 1359 1260 1395 vultus.

272 1415 355 1452 Hic
379 1415 453 1452 tibi
476 1421 684 1452 consuetas
708 1415 923 1452 formosior
948 1415 1124 1462 explicat
1148 1414 1309 1451 umbras

218 1471 422 1520 Populus;
445 1471 667 1519 amplector
688 1482 803 1520 saepe
824 1471 928 1507 hanc
947 1478 1066 1520 atque
1088 1470 1225 1508 oscula
1245 1469 1326 1519 figo

217 1527 456 1573 Corticibus,
481 1539 598 1576 saepe
622 1528 710 1576 ipsa
730 1526 878 1576 pedum
900 1527 1070 1575 vestigia
1092 1537 1238 1575 quaero

218 1582 284 1629 Et,
307 1583 339 1620 si
361 1583 458 1632 quid
480 1583 666 1621 manibus
687 1583 866 1632 tetigisti,
890 1582 1053 1620 floribus
1074 1594 1184 1620 orno.

218 1639 368 1676 Exsere
390 1639 605 1685 caeruleos,
629 1639 787 1684 Triton,
813 1639 862 1676 de
886 1639 1044 1688 gurgite
1065 1638 1212 1675 vultus.

273 1695 404 1743 Quem
426 1695 525 1732 mihi
548 1706 656 1732 nunc
680 1694 888 1744 praefers?
941 1694 984 1732 Si
1007 1700 1045 1732 te
1067 1695 1171 1744 juga
1194 1694 1378 1739 frondea,
1405 1694 1437 1730 si
1461 1700 1498 1730 te

216 1751 376 1789 Arbuta
398 1758 684 1800 pascentesque
707 1751 854 1800 juvant
879 1762 950 1799 per
974 1762 1070 1788 rura
1094 1749 1286 1799 capellae,

219 1806 305 1845 Nos
329 1819 486 1856 quoque
508 1819 590 1844 non
612 1807 782 1856 graciles
805 1818 911 1843 nunc
935 1807 1109 1855 primum
1132 1807 1303 1855 jungere
1327 1817 1472 1843 avenas

220 1863 422 1900 Discimus
436 1875 446 1911 3
475 1864 619 1900 incisas
648 1863 817 1911 implent
843 1875 932 1900 mea
957 1863 1135 1899 carmina
1162 1862 1279 1911 fagos
1529 1861 1602 1897 100

220 1919 272 1956 Et
295 1931 385 1956 mea
409 1919 625 1956 Maenaliis
647 1918 795 1968 pendet
818 1919 904 1968 jam
930 1918 1067 1956 fistula
1090 1918 1213 1955 silvis.

220 1975 369 2012 Exsere
394 1975 607 2021 caeruleos,
634 1975 782 2012 Triton
806 1980 931 2023 pater,
957 1986 1091 2012 exsere
1115 1974 1262 2011 vultus.

272 2030 342 2069 Sin
366 2032 494 2080 magis
517 2031 695 2068 arrident
717 2031 814 2068 haec
837 2031 968 2075 litora,
993 2031 1053 2067 sin
1074 2031 1204 2079 magis
1226 2030 1297 2066 alti

223 2086 397 2124 Divitiae
422 2087 568 2136 pelagi,
595 2097 754 2135 sparsos
777 2087 866 2135 quis
890 2098 1031 2135 cogere
1054 2087 1182 2134 pisces

221 2142 388 2180 Doctior
412 2149 481 2180 aut
504 2143 680 2192 rigidum
705 2142 847 2179 dextra
870 2143 1024 2192 jactare
1050 2141 1291 2178 tridentem?

223 2199 370 2236 Exsere
393 2199 607 2243 caeruleos,
631 2199 790 2243 Triton,
815 2198 863 2235 de
889 2199 1046 2247 gurgite
1070 2197 1218 2235 vultus.

276 2254 372 2291 Non
394 2266 468 2304 ego
490 2254 706 2303 delphinis,
730 2261 767 2291 te
788 2254 937 2303 judice,
960 2266 1041 2291 non
1065 2266 1139 2302 ego
1161 2253 1324 2302 thynnis

220 2311 404 2359 Aequore
427 2311 490 2348 vel
513 2311 646 2348 medio
669 2310 848 2348 dubitem
873 2316 1023 2347 certare
1044 2309 1235 2346 natando.

221 2366 331 2413 Quid
351 2366 424 2403 tihi
445 2378 507 2403 me
527 2367 688 2415 jactem.
709 2366 773 2403 cui
794 2366 861 2402 vix
880 2377 1091 2403 numerare
1109 2365 1172 2401 vel
1193 2365 1331 2402 hamos

223 2421 343 2459 Nunc
369 2429 485 2459 vacat
511 2429 579 2459 aut
605 2428 726 2459 restes
749 2428 992 2471 onerataque
1018 2422 1119 2458 retia
1143 2420 1309 2470 plumbo
1532 2421 1604 2456 110
