1845 2752
215 119 265 155 64
548 116 687 147 ACTJI
710 115 931 147 SYNCERI
954 116 1268 149 SANNAZARH

605 295 839 333 ECLOGA
866 296 947 341 ΙΙΙ,
972 295 1214 334 MOPSUS.

432 409 651 445 Cunnum.
714 408 904 444 Movsvs.
965 409 1183 444 ('Hl{()Mls.
1245 410 1382 445 Ion-ts.

811 500 1004 538 Celadon.

272 580 347 616 Dic
370 580 469 615 mihi
501 580 614 626 (nam
640 579 790 619 Baulis,
816 591 954 616 verum
979 580 1010 615 si
1034 579 1188 616 rettulit
1213 579 1366 627 Aegon.

218 636 287 672 Bis
309 647 422 672 senos
448 648 528 675 vos.
557 636 712 683 Mopse,
738 635 822 671 dies
848 641 1008 672 tenuere
1032 636 1254 683 procellae)

214 692 323 738 Quid
348 698 402 733 111,
427 691 524 740 quid
550 691 736 728 Chromis
759 692 922 736 interea,
947 692 1044 740 quid
1067 698 1195 728 vester
1220 692 1340 730 lolas.

217 748 324 784 Dum
352 748 484 784 Notus
511 748 676 784 insultat
704 747 861 796 pelago,
887 747 985 784 dum
1009 755 1231 785 murmurat
1256 748 1389 794 unda3

218 804 374 853 Ecquid
396 804 562 841 desertis
582 804 698 840 vacui
718 804 870 841 lusistis
890 805 930 840 in
951 805 1103 841 antris?

813 894 997 941 Mopsus.

270 973 379 1019 Quid
403 980 563 1010 nostrae
588 973 769 1010 facerent
795 974 955 1021 ingrata
978 985 1048 1021 per
1073 974 1156 1010 otia
1182 974 1336 1013 Musae.

215 1030 250 1064 O
281 1029 490 1066 Celadon?
547 1029 689 1078 Neque
717 1035 802 1066 tum
827 1029 999 1066 conchas
1027 1030 1189 1077 impune
1217 1030 1361 1066 licebat

217 1087 291 1122 Per
313 1086 511 1134 scopulos.
535 1098 614 1122 11011
639 1085 841 1133 octipedes
864 1091 1019 1122 tentare
1041 1098 1239 1134 paguros;

214 1142 305 1190 Jam
330 1142 520 1190 fragilem
543 1143 583 1178 in
608 1142 710 1179 sicco
734 1142 946 1179 munibant
969 1154 1066 1179 saxa
1087 1142 1296 1190 phaselum

215 1200 403 1247 Raraque
429 1210 499 1246 per
524 1198 668 1247 longos
695 1198 924 1246 pendebant
952 1199 1053 1235 retia
1075 1210 1227 1245 remos;
1556 1200 1602 1235 10

214 1255 319 1291 Ante
344 1254 463 1302 pedes
487 1255 685 1303 cistaeque
709 1255 815 1291 leves
838 1254 1027 1303 hamique
1049 1254 1238 1302 jacebant

217 1312 269 1347 Et
294 1311 438 1347 calami
461 1316 680 1359 nassae'que
704 1316 741 1347 et
765 1311 928 1347 viminei
951 1310 1184 1358 labyrinthi.

214 1368 321 1403 Tum
350 1366 537 1404 Chromis
564 1367 769 1403 Inarimen
796 1372 991 1414 spectans
1020 1366 1126 1403 ‘His
1144 1367 1165 1411 '‚
1194 1367 1336 1415 inquit,
1367 1367 1440 1403 ‘ab
1466 1367 1546 1403 oris

224 1423 309 1471 (Ah
334 1423 467 1460 dirum
491 1423 696 1467 exsilium)
727 1429 889 1460 nostrae
914 1423 1066 1459 solvere
1092 1424 1261 1461 carinae.

217 1479 321 1516 Cum
344 1491 478 1527 regern
503 1486 592 1527 post
614 1479 724 1516 bella
748 1492 862 1516 suum
887 1480 1078 1516 comitata
1100 1479 1292 1526 juventus

217 1536 372 1583 Ignotis
396 1535 531 1584 pelagi
556 1536 681 1572 vitam
707 1536 971 1572 committeret
996 1535 1127 1572 undis.

216 1592 329 1638 Quae
353 1597 487 1628 tamen
519 1592 583 1636 (ut
608 1591 721 1628 fama
744 1591 822 1639 est)
855 1591 1053 1640 Ligurum
1075 1603 1146 1639 per
1169 1604 1276 1630 saxa.
1303 1604 1372 1639 per
1397 1591 1499 1628 altas

215 1648 460 1685 stoechadas
488 1649 648 1684 emicuit
676 1648 947 1696 Rhodanique
976 1648 1132 1684 invecta
1161 1660 1231 1696 per
1259 1660 1414 1684 amnem

223 1704 355 1745 (Nam
375 1704 475 1740 bene.
497 1705 527 1741 si
548 1705 724 1745 memini,
747 1704 993 1741 Rhodanum
1014 1703 1215 1740 referebat
1237 1704 1447 1748 Amilcon)

216 1760 369 1797 Oceani
393 1760 578 1797 madidas
601 1760 703 1797 vidit
729 1759 931 1797 refluentis
955 1760 1124 1797 harenas
1553 1761 1602 1796 20

217 1816 269 1853 Et
297 1829 398 1865 quae
427 1816 629 1853 caeruleos
659 1817 801 1864 procul
830 1817 973 1864 aspicit
1001 1829 1072 1854 ora
1100 1816 1329 1855 Britannos.

215 1872 308 1919 Qua
336 1872 433 1919 (nisi
452 1885 555 1909 vana
577 1872 735 1919 ferunt)
766 1873 920 1921 quoties
941 1873 1063 1909 maris
1081 1872 1192 1909 unda
1211 1872 1371 1911 recedit.

217 1928 438 1973 Indigenae
467 1933 631 1976 captant
658 1928 788 1965 nudos
807 1924 886 1977 ¹per
911 1928 1035 1966 litora
1060 1929 1188 1976 pisces
1204 1928 1226 1964 ’.

271 1983 374 2025 ίΝ6,
401 1985 579 2023 Chromi.
604 1997 652 2021 ne
677 1985 808 2021 luctus
831 1996 980 2022 renova
996 1984 1018 2024 ²,
1042 1984 1249 2032 respondit
1275 1985 1395 2026 Iolas,

217 2040 224 2056 ‘
243 2041 313 2078 Sat
336 2047 427 2078 tuus
449 2041 547 2077 haec
569 2041 683 2078 nobis
706 2041 872 2078 Lucrini
895 2053 1023 2087 nuper
1046 2040 1097 2077 ad
1119 2040 1271 2078 undam

216 2097 411 2134 Narravit
435 2097 636 2145 Lycabas:
662 2097 795 2135 Solem
819 2109 857 2134 se
878 2097 1032 2143 scilicet
1055 2096 1140 2133 illic

215 2154 348 2190 Trans
370 2152 513 2190 fluctus
534 2159 645 2191 trans
665 2159 702 2190 et
723 2153 848 2190 nubes
869 2153 1016 2190 vidisse
1038 2153 1245 2190 cadentem

217 2209 342 2246 Haud
364 2209 482 2246 aliter
503 2222 623 2258 quam
646 2210 677 2245 si
696 2210 843 2247 nostris
864 2222 883 2246 e
903 2209 1108 2247 montibus
1128 2209 1244 2245 illum

218 2265 386 2313 Caj‘etae
416 2266 610 2313 aspiceret
639 2265 759 2314 longe
788 2271 879 2313 post
906 2265 1029 2302 litora
1057 2265 1167 2302 ferri.

218 2321 305 2358 Nec
330 2322 540 2369 strepitum
565 2322 730 2358 sensisse
754 2322 906 2359 ruentis
932 2321 980 2358 ab
1005 2321 1162 2358 aethere
1186 2333 1335 2357 currus.
1552 2321 1602 2358 30

219 2378 429 2415 Praeterea
453 2390 582 2415 mores
608 2377 852 2426 populorum
878 2377 1073 2426 urbesque
1099 2377 1287 2425 locosque

219 2434 418 2480 Exposuit
442 2446 691 2482 quernasque
714 2433 854 2470 domos
877 2439 914 2470 et
936 2433 1072 2482 lignea
1094 2438 1209 2469 tecta.

216 2490 389 2534 Addidit
413 2496 450 2527 et
474 2491 604 2533 varias
638 2490 737 2538 (heu
758 2490 932 2527 barbara
953 2489 1136 2538 nomina)
1171 2495 1317 2538 gentes,
